2806 5080
187 360 215 432 I
220 359 259 431 V.
289 365 319 432 1.
344 355 405 428 De
430 355 718 455 Spartanorum
742 377 787 426 re
805 351 974 454 publico.
1052 349 1123 426 133

506 578 540 658 b.
565 571 653 646 XV.

132 703 338 781 Sentabat
376 707 500 779 autom
536 707 658 778 omnis
696 669 977 802 Spartanorum
1010 699 1121 777 disci-

55 804 136 904 plina
159 733 233 876 boe
256 806 449 901 imprimis,
477 804 518 876 ut
543 805 705 876 maxime
728 827 842 874 unum
868 806 907 875 et
932 805 1039 902 quasi
1062 804 1120 874 iu·
1155 891 1156 898 ἵ

56 900 219 975 dividuum
250 927 390 998 eorpus
422 903 525 974 esset
557 903 736 991 civitatis,
766 901 996 999 remotisque
1022 924 1119 999 quae

54 997 244 1072 abalienare
270 1001 402 1070 oinium
428 1023 452 1070 o
476 993 620 1072 civibus
645 999 790 1070 animos
820 997 991 1096 possent,
1030 1022 1119 1068 con-

53 1099 163 1169 sociati
198 1120 327 1168 omnes
359 1098 459 1170 inter
489 1121 530 1168 se
565 1119 710 1166 morum
743 1100 782 1166 et
817 1093 1028 1168 studiorum
1068 1095 1118 1166 si·

52 1191 233 1266 miiitodiuo
276 1195 379 1264 totos
416 1218 459 1266 se
490 1188 743 1290 reipublicae
771 1187 917 1266 darent.
983 1192 1117 1291 ltaque

53 1293 81 1363 et
108 1287 199 1362 lucri
260 1291 369 1362 riveti
402 1288 641 1388 cupiditatem
680 1297 718 1362 et
749 1286 937 1360 luxuriam
976 1293 1015 1362 et
1052 1313 1117 1360 ro-

50 1390 179 1460 nitatem
212 1315 359 1486 ndinque
389 1389 495 1480 vitia,
529 1411 626 1486 quae
661 1382 926 1459 dissolvendae
958 1388 1014 1458 rei
1046 1411 1115 1484 pu-

50 1479 149 1558 blicae
173 1491 273 1574 sunt,
299 1488 400 1556 omui
426 1481 539 1557 modo
566 1479 759 1570 arcebant,
785 1479 955 1554 honestis
982 1482 1118 1556 studiis

52 1577 86 1653 ab
115 1586 213 1655 omni
244 1580 475 1678 turpitudine
509 1585 548 1654 et
579 1582 765 1681 pravitate
804 1581 937 1653 oinium
972 1584 1118 1654 animos

51 1679 171 1752 nature
199 1675 425 1771 avocabant,
450 1681 597 1777 patriae
624 1679 791 1768 caritati,
824 1675 951 1774 legum
976 1683 1014 1750 et
1037 1703 1115 1750 ma·

8 1801 10 1866 j
49 1777 261 1871 gistratuum·
280 1781 518 1848 reverentiae
544 1772 861 1862 assuefacienant
886 1776 998 1848 animi
1030 1799 1115 1848 cor-

8 1875 10 1964 ζ
48 1876 207 1973 ponisque
238 1876 337 1946 vires
367 1871 518 1946 assidue
544 1867 760 1950 exercendo
787 1865 959 1963 alebant,
993 1869 1117 1944 bonos

9 1979 11 2006 ³
49 1968 184 2070 denique
217 1973 320 2044 cives
352 1973 528 2070 virosque
560 1967 684 2052 fortes
717 1973 756 2041 et
786 1974 964 2042 strenuos
995 1966 1116 2042 insor-

8 2151 9 2162 ἶ
48 2066 190 2161 nubant,
216 2072 280 2168 qui
306 2074 344 2142 et
367 2091 479 2142 manu
505 2074 543 2140 et
567 2064 726 2140 oonsilio
744 2063 839 2138 soris
858 2062 1032 2164 domique
1057 2067 1115 2138 iu·

8 2165 11 2254 Q
48 2189 115 2236 rare
138 2191 218 2238 rem
246 2163 433 2263 publicam
457 2168 627 2264 possent.
653 2203 702 2220 -
724 2164 803 2236 lam
817 2165 978 2260 primum
994 2160 1117 2236 editos

8 2317 12 2355 λ,
50 2261 74 2330 in
95 2259 209 2336 lucem
235 2261 400 2336 infantes
431 2289 507 2336 non
538 2266 736 2362 parentum
770 2285 827 2332 mo
861 2262 893 2332 is
924 2285 1035 2360 quam
1059 2262 1116 2332 rei

47 2355 197 2526 tntu-0
353 2358 542 2529 ...pn
605 2284 1117 2528 tnnnntnbntr‘n

48 2483 870 2653 exptddddoedobpbdb'ddblitdudecernereun
895 2505 1026 2624 toliind
1045 2479 1114 2625 dos

11 2687 12 2690 =
46 2674 79 2720 nn
100 2655 240 2750 exponi
265 2656 463 2751 oporteret
477 2656 520 2744 ¹).
572 2647 722 2725 Sublati
748 2647 794 2721 ad
822 2653 1019 2746 septimum
1049 2673 1113 2722 ae-

12 2801 13 2844 p
46 2745 114 2818 tntis
137 2775 276 2820 annum
302 2776 324 2821 a
343 2745 531 2826 matribus
558 2743 907 2844 enutr·iebantur²),
933 2744 1018 2820 dein
1044 2742 1112 2818 ob·

11 2847 13 2924 3
44 2840 125 2916 ducti
149 2871 170 2920 e
197 2843 312 2918 domo
336 2850 498 2944 paterne
531 2844 703 2945 publicae
736 2841 955 2942 disciplinas
985 2841 1113 2916 trade-

8 2959 15 2995 s·
43 2933 170 3016 bantur.
223 2941 449 3017 Distributis
474 2970 498 3017 a
522 2943 760 3042 paedonomo
792 2943 830 3012 in
863 2965 1007 3039 greges
1031 2942 1113 3011 tur·

11 3167 12 3174 ψ
43 3039 378 3214 titttss'ttttd
392 3033 1114 3232 ³3.sitiitd.³‘¹3t⁸⁵.⁰.⁰.¹.·¹t⁰⁵.2t;..tt2

683 3187 704 3232 r

46 3294 225 3312 -Ι-ῄ-ι-ι-

46 3371 71 3425 de
83 3395 110 3430 re
130 3379 211 3450 publ.
236 3379 294 3450 Ip.
320 3380 383 3434 425.
401 3382 435 3434 Β.
451 3381 488 3435 G.
525 3381 682 3447 Diotogeu.
708 3397 752 3451 op.
778 3377 895 3432 Stobos·
918 3397 1002 3438 serm.
1025 3381 1060 3436 41
1084 3402 1112 3455 p.

9 3451 13 3532 Ἰ
45 3445 90 3500 bl.
120 3451 241 3522 Arebyt
261 3451 331 3504 ibid.
350 3471 378 3524 p.
399 3453 462 3507 269.
498 3450 620 3524 Joseph.
641 3459 692 3505 etr.
712 3453 816 3525 Apion.
834 3453 872 3520 11,
892 3451 935 3507 16.

96 3551 124 3622 l)
142 3556 223 3610 Plut.
243 3558 367 3631 Lycur-g.
388 3579 412 3612 o.
432 3559 475 3614 16.
512 3557 600 3623 Quod
619 3557 665 3610 hio
684 3559 778 3612 addit:
800 3563 900 3634 τρέφειν
920 3560 1031 3614 ἐκέλευον
1049 3561 1110 3628 xiip-

42 3639 77 3692 ρον
91 3628 154 3700 αὐτῷ
169 3630 224 3682 τῶν
239 3631 432 3700 ἐννακισχιλίων
449 3634 655 3705 προσνεῖμανιες,
681 3630 826 3703 quomodo
852 3631 1046 3702 accipiendum
1073 3636 1112 3686 sit

43 3694 84 3750 vid.
100 3699 234 3752 Mueller·
254 3704 323 3754 Dor.
343 3705 373 3756 11
395 3723 422 3774 p.
443 3704 494 3756 194
517 3708 547 3756 et
570 3703 727 3756 Hermann.
752 3703 788 3756 de
813 3705 906 3757 causis
929 3703 1003 3757 turb.
1027 3722 1108 3776 sequ.
1191 3773 1193 3776 Ι

42 3781 62 3832 p·
75 3767 111 3822 ³6.
128 3772 172 3826 38.
193 3775 240 3826 41.

92 3875 120 3944 1)
137 3877 220 3932 Plut.
240 3877 259 3931 1.
278 3877 298 3932 1.
334 3881 398 3935 Hos
415 3879 552 3952 parvulos
576 3877 705 3952 μιτῦλλιυς
723 3880 876 3934 vooabant.
894 3878 1021 3956 Hesyob.
1039 3900 1062 3934 ι.
1081 3901 1109 3937 v.
1228 3869 1232 3883 ¹

80 3979 124 4066 .³)
140 3983 247 4056 Ἀγέλας
273 3991 300 4036 et
325 3986 388 4044 idac.
430 3987 503 4042 Illae
528 4007 572 4059 op.
597 3989 693 4060 Spart.
720 3987 796 4058 βοῦνι
823 3977 1004 4052 dicebantur,
1030 3989 1108 4045 uude

40 4053 132 4128 ittuyop
150 4059 170 4109 i.
211 4057 574 4130 .ἆγε1άρχης.1’1ι1.Ρ1ιιι.
595 4061 665 4130 Lyn·
685 4079 709 4113 ο.
733 4061 772 4115 16.
792 4058 926 4130 Xenopb.
946 4078 968 4114 r.
981 4072 1009 4124 p.
1022 4062 1054 4116 1ι.
1068 4065 1107 4133 ΙΙ,
1191 4119 1194 4124 ,

9 4183 10 4208 p
40 4120 201 4259 pbwidesyo
225 4165 233 4181 .
259 4136 288 4182 et
310 4129 404 4200 Etym.
422 4131 464 4186 Μ.
483 4150 507 4186 s·
525 4151 554 4186 v.
572 4131 645 4202 doio.
680 4131 786 4186 Valek.
810 4127 846 4184 sd
870 4129 995 4184 Theoer.
1012 4134 1107 4190 Adon.

94 4297 125 4370 d)
144 4307 250 4382 Ε’ρῖνις
267 4325 289 4359 s.
309 4307 394 4382 ῐρένες.
430 4307 509 4364 Plut.
527 4309 547 4363 1.
565 4309 587 4362 1.
607 4330 631 4363 ο.
653 4311 693 4366 17.
724 4309 768 4362 Gi.
792 4311 855 4362 intt·
881 4309 918 4362 ad
940 4313 1067 4383 Hesyob.
1086 4335 1107 4368 s.

41 4387 58 4421 v.
74 4373 153 4447 ipim
191 4377 297 4432 Koest.
317 4379 354 4433 ad
373 4378 456 4435 Suid.
475 4401 499 4436 s.
518 4383 642 4458 ν.ε1ρὴν.
677 4383 784 4436 Meurs.
802 4381 885 4435 Miso.
903 4381 968 4436 bae.
987 4387 1026 4450 11,
1044 4388 1071 4442 3.
