2822 5082
256 317 331 392 232
458 317 498 390 V.
523 317 582 392 De
605 314 830 417 republica
855 313 1159 392 Atheniensium.

264 505 385 576 liuere
411 499 621 592 censerent,
646 495 685 571 id
709 499 747 571 iu
761 498 923 572 comitiis
937 499 1102 596 proponi
1119 501 1293 573 curarent
1304 499 1341 592 5).

263 599 435 698 Populus
461 605 585 670 autem
610 596 768 696 accepta
798 591 1008 669 huiusmodi
1042 595 1231 670 delatione
1261 622 1343 669 nou·

265 720 453 796 uunquam
478 699 559 794 ipsc
586 691 720 767 iudicis
739 695 870 791 partes
884 691 1117 863 suscipiebat
1130 698 1177 788 ⁶),
1203 692 1343 766 audilis·

267 820 340 895 que
366 790 675 866 accusationibus
706 794 745 864 et
776 788 988 866 defensioni
1018 817 1061 862 us
1095 789 1141 860 de
1174 817 1261 883 reo,
1293 794 1345 888 qul

266 895 415 964 iuterim
440 893 478 962 iu
505 887 662 961 vinculis
687 884 819 962 baberi
844 883 1005 979 solebat,
1032 885 1257 987 suffragium
1281 887 1345 961 cul·

270 987 366 1063 culis
411 983 589 1082 lercbat3
640 1011 736 1086 quae
776 1011 853 1058 uon
896 987 1153 1082 uuis‘,‚ornuia
1203 991 1347 1059 comitiis

269 1087 404 1188 peragi
437 1087 615 1185 'potuisse
653 1087 833 1184 uppuret3
873 1108 938 1156 sae
967 1085 1026 1156 ius
1062 1109 1154 1156 vero
1192 1083 1347 1157 iudican-

271 1183 356 1258 dam
381 1207 533 1256 calisam
560 1180 729 1254 beliustis
755 1105 1020 1274 demandabat,
1053 1184 1174 1282 iisque
1201 1209 1275 1284 qua
1298 1209 1348 1254 ra·

269 1286 376 1356 lione
402 1277 585 1380 quibusve
611 1276 762 1378 legibus
787 1281 1085 1377 cognoscerent,
1111 1279 1350 1380 damnatoque

271 1404 340 1455 reo
374 1375 521 1478 qualem
554 1401 717 1475 poenam
750 1378 987 1476 imponerent
1016 1376 1351 1476 praescribebatl),

274 1478 412 1551 creatis
438 1472 545 1548 simul
571 1471 737 1574 syrrdicis
761 1476 838 1548 sive
864 1477 1081 1575 synagoris,
1107 1479 1169 1577 qui
1194 1503 1352 1551 sinaeum

273 1575 454 1674 primario
480 1581 702 1645 accusatore
726 1568 857 1670 populi
884 1576 1033 1646 nomine
1066 1599 1171 1647 reum
1201 1577 1243 1647 iu
1272 1574 1352 1648 iudi·

275 1674 335 1744 cio
360 1675 688 1770 persequerentur.
716 1709 761 1722 -
793 1665 852 1742 Ab
883 1667 941 1742 bis
975 1667 1090 1769 longe
1124 1669 1256 1744 divcru
1285 1679 1353 1745 erat

276 1766 512 1868 querelarum
548 1767 747 1860 (προβολῶν)
780 1768 948 1863 ratio⁸)‚
986 1794 1080 1867 quas
1120 1772 1182 1869 qui
1222 1769 1352 1868 populo

275 1860 556 1964 proponebant,
581 1862 670 1936 nibil
689 1861 790 1935 aliud
805 1861 1053 1964 quaerebant,
1080 1891 1190 1966 quam
1205 1875 1354 1966 utprac·

276 1962 451 2036 iudicium
477 1959 665 2062 quoddam
690 1958 820 2058 populi
847 1977 980 2035 contra
1006 1961 1265 2036 aduersarium
1282 1991 1355 2036 uan-

277 2060 521 2150 ciscerenlur,
547 2084 621 2158 quo
649 2063 778 2130 muniti
803 2063 947 2136 maiore
972 2085 1054 2132 cum
1080 2087 1147 2160 spe
1173 2089 1357 2135 successus

278 2183 431 2231 causum
455 2161 494 2230 iu
517 2154 695 2228 iudicium
708 2153 955 2230 deducerent:
981 2159 1357 2260 qnandoquidcmuou
1395 2203 1396 2212 κ

280 2253 390 2328 facile
415 2253 499 2328 l'ore
526 2250 734 2342 uidebatur,
766 2261 819 2344 ul,
845 2279 955 2354 quem
979 2255 1143 2353 populus
1170 2256 1357 2357 deliquisse
1395 2303 1396 2310 κ

282 2355 513 2441 censuisset,
544 2348 706 2422 iudicum
742 2355 938 2424 sententiis
965 2351 1245 2428 absolveretur.
1294 2357 1356 2426 lta-

309 2475 355 2522 ue
383 2447 596 2521 huiusmodi
622 2447 799 2548 querelae
824 2453 1004 2548 imprimis
1031 2447 1164 2524 contra
1196 2458 1358 2550 potentes

283 2473 544 2647 iactiososque
579 2545 822 2618 adversarios
849 2545 1141 2648 usurpabantur,
1174 2559 1236 2622 aut
1264 2555 1358 2623 eliam
1389 2581 1390 2598 ¹

286 2649 419 2716 contra
444 2645 701 2741 magistratus,
733 2668 828 2743 quos
854 2643 965 2718 aliter
994 2649 1031 2717 in
1063 2643 1239 2719 iudicium
1274 2645 1359 2720 ordi-

285 2743 430 2814 narium
456 2744 583 2814 vocari
607 2767 684 2814 uon
711 2744 880 2838 potuisse
906 2740 1084 2816 credibile
1105 2748 1174 2820 est.

717 2910 749 2981 ς.
774 2890 942 2966 XXXV.

381 3022 517 3126 Aliqua
553 3050 636 3099 cum
674 3023 822 3099 iudiciis
858 3023 1064 3100 similitudo
1102 3030 1212 3100 eliam
1252 3031 1359 3100 ostra·

287 3125 402 3194 cismo
433 3121 650 3217 intercedit,
708 3145 908 3223 uamquam
941 3150 1017 3197 nou
1050 3123 1301 3223 puniebantur
1323 3151 1359 3196 eo

289 3219 423 3292 delicta
448 3224 486 3292 iu
512 3246 590 3292 rem
617 3148 804 3320 publicam
829 3225 1047 3314 commissa,
1079 3222 1144 3296 sed
1172 3222 1360 3298 cavebalur

288 3316 545 3391 tarrlummodo
584 3346 630 3394 ue
663 3316 751 3420 quid
790 3322 1097 3412 commilteretur,
1123 3348 1218 3396 neve
1243 3325 1359 3394 nimiae
1394 3393 1395 3396 ,

291 3462 490 3474 -—.-....—-

359 3519 391 3593 5)
411 3525 519 3580 Pollux
537 3527 622 3596 vm,
641 3526 686 3581 87.
723 3524 770 3583 01,
789 3525 826 3580 de
844 3529 953 3583 comiti.
970 3548 998 3602 p·
1016 3529 1081 3584 2⁰5.

359 3632 388 3696 6)
410 3635 453 3686 ue
472 3636 580 3687 comiti.
598 3647 627 3699 p.
646 3635 811 3689 205-209.
847 3637 933 3693 Proc.
951 3639 1011 3692 nu.
1036 3649 1064 3702 Ρ.
1084 3636 1137 3693 268
1156 3656 1219 3711 sqq.
1256 3633 1357 3690 llell'ter.

288 3713 314 3766 Ρ.
334 3704 496 3762 nuo-228.
535 3707 660 3760 Platuer.
679 3707 694 3759 1
713 3718 742 3772 Ρ.
761 3709 824 3762 372.

360 3810 388 3876 7)
408 3814 453 3866 De
479 3816 584 3868 comitt.
608 3833 637 3885 p.
655 3813 819 3870 noe—217.
860 3813 981 3872 lleffter.
1006 3828 1033 3881 Ρ.
1057 3815 1120 3870 228.
1159 3813 1355 3881 Platnor.1p·

287 3880 340 3934 377
359 3901 419 3955 sqq.
447 3887 513 3939 Neo
532 3888 646 3939 diversa
663 3889 738 3938 ratio
758 3889 866 3941 eratin
883 3887 1012 3959 μηνύσεσι,
1030 3892 1056 3941 si
1066 3885 1226 3960 perimentis
1242 3887 1357 3940 dsuetum

289 3953 466 4036 qxploratum
494 3969 564 4022 erut,
594 3967 643 4010 aut
667 3960 692 4010 si
714 3977 768 4011 sua
790 3966 894 4030 sponte
917 3959 1041 4032 populus
1070 3963 1284 4033 inquisitionem
1308 3953 1358 4008 fieri

288 4037 420 4080 iusserat.
457 4031 502 4083 Do
522 4033 629 4084 comiti.
649 4042 676 4096 Ρ.
696 4029 759 4086 219.
777 4033 840 4088 221.
859 4033 924 4086 224.

358 4134 390 4202 8)
408 4137 479 4190 vid.
498 4156 574 4208 supr.
599 4133 624 4208 ᾗ.
643 4137 693 4200 33,
714 4137 758 4190 12.
799 4141 844 4192 De
864 4141 971 4194 comitt-
988 4151 1015 4205 Ρ.
1033 4139 1194 4196 227-239.
1223 4135 1359 4198 Hemesa
1393 4097 1394 4118 l

245 4221 247 4226 ’
287 4204 450 4262 229-133.
488 4209 616 4262 Platncr.
635 4210 651 4264 1
668 4221 698 4273 Ρ.
716 4209 878 4268 379·386.
915 4215 1000 4267 Pron.
1018 4214 1080 4266 Ati.
1100 4223 1129 4277 Ρ.
1149 4211 1303 4268 ull-277.
