2814 5080
270 333 303 452 7.
328 377 389 452 De
413 377 631 456 oeconomio
654 361 922 478 reipublicae.
1072 373 1146 452 315

70 559 161 630 llein
187 561 352 659 quamvis
379 557 633 654 haecomnia,
659 562 698 634 et
722 557 880 659 amplius
895 545 1145 648 etiam‚·hello

71 654 248 729 exhausta
274 660 422 750 essent,
450 673 572 740 tamen
602 662 787 756 proximis
811 662 901 756 post
924 657 1054 730 Niciae
1080 683 1145 754 pa·

69 779 141 825 cem
166 757 277 827 annis
296 779 442 828 rursus
471 758 614 854 septem
646 753 761 830 millia
787 753 945 830 collecta
975 753 1145 852 erasm),

68 876 157 950 qnae
193 877 284 925 mox
317 850 519 926 Siciliense
550 850 687 926 bellum
715 853 849 926 hausit.
899 854 1032 951 Neque
1056 858 1146 949 post

66 945 133 1020 hoc
164 951 313 1047 tempus
344 948 420 1023 nlla
451 949 495 1023 lit
528 953 778 1047 repositarum
810 955 847 1023 in
874 948 1051 1022 thesauro
1077 974 1143 1046 pc.

66 1048 250 1119 cuniarum
282 1051 438 1141 mentio,
472 1052 679 1148 contraque
716 1047 934 1148 frequentes
975 1051 1064 1119 sunt
1096 1043 1143 1125 de

64 1146 284 1240 parrpertate
317 1147 374 1218 rei
431 1142 578 1218 uhlicae
610 1151 767 1244 propter
801 1143 987 1218 bellorum
1014 1141 1146 1222 clades

66 1243 330 1343 sociorumque
357 1171 589 1316 delectiones
616 1245 890 1341 querimoniae,
927 1239 1048 1316 donec
1065 1242 1144 1315 De·
1196 1246 1199 1252 ’

64 1337 266 1429 mosthenis
293 1340 428 1432 aetate,
460 1341 629 1435 Lycurgi
656 1347 815 1413 maxime
840 1343 987 1432 merito,
1018 1365 1145 1414 annua

64 1434 246 1508 redituum
287 1462 428 1510 summa
461 1462 595 1509 rursus
627 1435 675 1510 ad
706 1437 813 1512 MCC
848 1434 992 1510 talenta
1032 1439 1147 1513 aucta

63 1534 117 1605 est
130 1533 176 1624 ⁵).
226 1534 349 1608 Erant
373 1541 497 1606 autem
523 1531 666 1607 reditus
700 1537 758 1606 rei
789 1531 964 1631 publicae
989 1534 1054 1606 aut
1079 1558 1144 1608 or-

63 1625 214 1722 dinarii,
250 1635 313 1732 qui
346 1635 546 1732 quotannis
570 1627 891 1730 percipiebantur,
924 1634 989 1703 aut
1015 1640 1143 1704 extra·

62 1725 252 1817 ordinarii,
278 1755 373 1828 qnos
399 1736 465 1801 aut
487 1725 577 1801 belli
601 1725 754 1802 fortuna
769 1725 831 1799 alii
861 1753 906 1800 ue
927 1753 1052 1822 casus,
1078 1732 1145 1803 aut

61 1823 281 1898 collationes
306 1829 437 1898 civium
470 1827 606 1925 sponte
638 1827 704 1898 aut
735 1754 865 1922 populi
887 1827 993 1898 iussu
1020 1825 1144 1902 iactae

61 1920 364 2018 suppeditabant.
411 1921 571 1996 Illorum
601 1948 746 2022 genera
778 1927 960 2024 quinque:
985 1927 1143 2021 primum

60 2018 261 2116 vectigalia
294 2038 475 2118 agrorum
507 2020 713 2094 aliorumve
743 2018 944 2092 fundorum
971 2018 1142 2118 publico-

60 2139 158 2222 rum,
200 2117 302 2191 velut
333 2144 572 2217 pascuorum,
603 2117 793 2209 silvarum,
820 2115 980 2210 aedium,
1006 2115 1143 2191 salina-

59 2217 540 2479 pltnllttttttlt
553 2212 1143 2412 03⁰?tttttt⁰¹t²tttltt

85 2435 195 2482 orum
221 2437 355 2510 parum
379 2409 493 2508 nohis
512 2415 742 2509 compertum
769 2411 886 2503 est7).
935 2409 1146 2484 Notissima

62 2515 147 2580 sunt
179 2506 347 2599 metalla,
381 2533 491 2608 quum
524 2507 659 2607 lapidis
683 2510 723 2578 in
748 2505 918 2580 Brilesso
945 2513 1071 2580 monte
1090 2507 1145 2592 ,ad

61 2602 246 2680 Pentelen
270 2609 390 2680 vicum
403 2607 452 2704 ὅ),
477 2608 556 2679 tum
580 2608 730 2704 argenti
755 2631 875 2704 prope
900 2605 1080 2680 hauriam
1105 2609 1145 2680 in

143 2809 157 2835 ιι

70 2835 272 2854 -n--n—-n

58 2937 254 3025 wlmlft’fflwr
281 2937 326 2992 οὔκ
347 2937 479 3002 ltdocovec
492 2934 514 3028 ’ii
539 2911 712 3028 peccamina
733 2935 871 3024 rctdpnor.
900 2937 935 2990 ln
950 2934 984 3023 di
1007 2918 1099 3025 cairi
1116 2941 1145 2992 lx

57 3011 667 3156 Zocqagqumtmgpaptqpqqqqlppxam-
685 3007 731 3063 nul
746 3025 773 3064 re
792 3009 902 3081 αγαλμα
922 3003 977 3076 (της
992 3005 1067 3079 θεον)
1085 3012 1146 3080 ἔχον

127 3184 164 3258 4)
184 3189 296 3245 Andoc.
317 3189 354 3243 de
371 3208 443 3262 pace
460 3208 489 3261 p.
508 3189 553 3243 03.
570 3185 707 3242 Acachia.
725 3187 760 3242 de
779 3184 844 3241 l'als.
861 3184 918 3256 leg.
935 3203 963 3259 p.
981 3186 1047 3242 337.

130 3293 164 3362 5)
184 3296 371 3369 Pseudoplut.
391 3299 455 3350 vitt.
472 3297 504 3350 X
523 3303 605 3351 oratt.
624 3316 652 3368 p.
672 3296 724 3350 842
741 3295 777 3348 Ε.

131 3399 235 3467 6)an
246 3411 290 3456 est
299 3403 424 3474 μισθοῦνε
443 3403 607 3475 redemptor
618 3403 776 3474 μισθοῦσθαι
783 3399 895 3467 dieitur,
912 3402 1148 3474 pensioplotcpa

63 3487 90 3522 v·
113 3476 249 3542 μίσθωσις.
293 3475 336 3528 (li.
361 3478 501 3546 Harpocr.
525 3495 546 3528 s.
573 3493 600 3528 v.
626 3471 680 3528 ent
705 3473 890 3545 μισθωμάιων.
932 3475 1087 3543 Bergmnu.
1113 3475 1150 3528 ad

60 3540 150 3600 Isocr.
170 3549 276 3618 Arcop.
294 3567 320 3616 p.
343 3547 403 3602 116.
439 3546 525 3618 Apud
543 3545 693 3602 Demosth.
711 3549 741 3598 in
761 3546 886 3598 Timocr·
904 3563 932 3616 p.
953 3545 1013 3616 713,
1032 3548 1050 3601 5
1067 3566 1149 3620 prae·

63 3611 140 3667 dium
161 3617 253 3688 ipsum
270 3621 398 3690 μίσθωμα
418 3617 531 3673 dicitur.

134 3719 167 3787 7)
194 3727 266 3794 Agri
291 3725 441 3778 decumani
459 3727 610 3794 vestigium
631 3723 796 3778 Boeelrhins
814 3731 883 3776 tom.
901 3725 930 3776 Il
948 3742 975 3795 p.
995 3723 1047 3776 tul
1066 3727 1149 3777 inve·

61 3793 123 3844 nire
143 3793 200 3848 sihi
219 3800 298 3850 visus
317 3800 406 3850 estin
425 3800 611 3869 inscriptione
630 3816 677 3850 no·
698 3797 732 3850 76
750 3815 778 3849 v.
796 3796 822 3862 7,
840 3795 890 3847 uhi
903 3794 1042 3847 elocanda
1056 3797 1150 3866 puhli-

62 3868 142 3918 canis
163 3866 282 3922 decuma
300 3879 547 3924 commemoratur.
585 3872 629 3922 De
653 3869 759 3921 theatri
778 3867 921 3920 locatione
939 3885 1026 3936 supra
1044 3867 1149 3920 dictum

64 3945 107 3987 est
135 3937 160 4005 §.
180 3940 223 4002 69,
248 3942 273 3995 3.
309 3941 431 3994 Aedium
457 3941 634 4008 publicarum
659 3948 691 3993 ut
716 3946 746 3992 et
762 3939 872 4010 apennia
889 3945 917 3990 et
934 3939 1010 4010 ἱερῶν
1024 3941 1153 4008 μίσθωσιν

63 4007 231 4080 Xenophon
260 4023 462 4067 commemorat
485 4015 520 4067 de
538 4014 634 4066 reditt.
654 4031 679 4064 c.
698 4012 726 4075 4,
748 4011 787 4064 19.
808 4011 843 4062 dc
860 4028 1003 4061 sacrarum
1024 4008 1151 4064 olcarum

64 4077 206 4135 fructihus
225 4082 343 4136 elocutis
366 4084 424 4136 vid.
445 4085 612 4139 Markland.
637 4084 673 4136 ad
696 4083 764 4152 hys.
789 4080 826 4134 da
851 4080 916 4134 olea
935 4101 962 4152 p.
982 4081 1044 4148 269,
1075 4090 1104 4134 et
1120 4085 1152 4136 in

66 4154 147 4207 univ.
166 4153 202 4206 cl'.
220 4154 348 4208 Bocclsh.
368 4157 383 4208 l
401 4175 428 4226 p.
447 4159 501 4212 32⁵
519 4175 581 4230 sqq.

136 4257 168 4325 8)
190 4260 256 4315 Vid.
276 4260 349 4316 Lud.
368 4263 456 4330 Rosa,
479 4262 709 4318 darPentelicon
725 4261 774 4314 hei
791 4257 888 4314 Athen
906 4258 966 4312 und
984 4261 1063 4314 seina
1075 4263 1153 4315 Mar-
1238 4317 1242 4326 ,

65 4329 247 4402 morhriiche,
265 4335 296 4387 in
313 4334 404 4387 diario
424 4337 527 4389 artium
545 4328 745 4406 (Kunsthlatt)
764 4351 830 4386 ann·
849 4332 917 4388 1837
936 4350 983 4389 no.
1002 4334 1082 4388 a-t.
