2840 5084
253 377 291 449 Ι.
321 375 381 446 Dc
410 371 599 446 Graeciae
623 371 702 444 sita
726 395 853 464 uragu.
875 381 1003 462 parti.
1124 369 1174 442 23
1277 423 1281 431 ·

81 549 218 628 fertilia
253 555 291 626 et
321 579 481 628 amoena
495 557 538 649 ⁶).
595 551 757 654 Reliqua
796 557 920 626 omnia
951 550 1172 626 Phocenses

81 657 116 725 et
148 653 286 724 Boeoti
311 650 490 728 incolunt.
540 651 592 724 nt
621 649 840 724 Phocenses
870 648 1019 751 quidem
1051 653 1172 750 ipsius
1258 663 1260 669 ’

1 827 2 832 1
79 751 238 821 Parnasi
262 747 443 848 pleraque
470 749 509 822 et
534 773 631 850 quae
655 747 755 821 iutra
772 746 871 822 hune
887 745 935 820 ad
954 750 1074 820 sinum
1089 749 1171 820 Cri-

1 899 2 946 3
79 871 205 920 seeum
235 846 459 946 pertingunt
490 871 609 945 usque
641 842 700 928 ad,
722 843 916 918 Heliconis
953 843 1100 922 radices
1115 844 1170 940 ⁷):

77 947 276 1042 praeterea
313 941 448 1016 vallem
490 941 644 1042 Cephisi
684 969 729 1014 su
757 946 918 1016 eriorem
961 967 1082 1043 usque
1123 939 1172 1016 ad

1 1067 2 1130 1
78 1041 203 1114 lauces
242 1040 344 1113 inter
387 1042 550 1112 Parnasi
590 1044 681 1136 iuga
720 969 859 1112 dextra
903 1039 941 1112 et
972 1037 1171 1138 lledylium

1 1155 2 1204 1
77 1139 253 1230 montem,
281 1135 481 1210 admodum
507 1138 752 1235 angustam).
790 1138 930 1210 Boeoti
954 1134 1171 1210 interiorem

78 1233 231 1334 Cephisi
258 1233 392 1307 vallem
417 1232 616 1333 possident
641 1237 818 1338 circaque
840 1235 897 1307 Co
926 1232 1049 1306 uidem
1073 1230 1171 1327 loca,

77 1331 159 1404 dein
185 1329 347 1406 modicis
374 1329 535 1406 collibus
559 1333 768 1406 interiectis
781 1334 815 1430 ⁹)
844 1328 892 1406 ab
945 1329 1170 1404 eliconeus·

78 1456 145 1530 que
162 1428 212 1500 ad
226 1425 506 1520 Cithaeronem,
529 1427 771 1523 Parnethem,
798 1431 1009 1529 Corycium,
1031 1429 1169 1502 Ptoum

75 1524 151 1600 late
185 1529 379 1626 patentem
411 1529 608 1626 regionem
642 1527 912 1626 campestrem,
943 1529 1074 1625 Asopo
1099 1521 1169 1599 tlu-

75 1628 193 1715 mine,
228 1626 292 1724 qui
325 1622 554 1698 Cithaerone
588 1621 709 1699 editus
740 1628 779 1696 iu
813 1623 996 1722 Euripum
1037 1618 1169 1715 induit,

76 1719 204 1795 multis
228 1724 431 1820 praeterea
456 1724 546 1794 rivis
570 1717 778 1794 minoribus
804 1728 841 1794 et
857 1719 992 1794 laeull
1021 1718 1091 1792 lice
1116 1723 1168 1792 ir-

74 1824 224 1918 riguam
240 1819 302 1913 ¹⁰).
359 1817 461 1891 Nihil
493 1823 530 1891 in
565 1821 666 1892 omni
699 1821 861 1892 Graecia
893 1815 951 1892 his
984 1747 1168 1890 lloeotiae

74 1913 439 2088 aunuum
463 1913 564 2086 ut
587 1914 772 2084 suu
795 1918 961 2084 uu
981 1911 1168 2084 meu

75 2116 195 2184 states
221 2113 333 2184 nimio
359 2039 472 2210 saeppe
500 2039 647 2203 emerge,
679 2107 818 2182 hiemes
850 2107 997 2207 frigore
1031 2108 1070 2180 et
1099 2105 1168 2180 hu·

75 2205 598 2300 miditatemolestae11).-
637 2208 801 2280 Restant
829 2207 937 2280 trans
969 2206 1170 2324 utrumque

75 2310 255 2380 montium
286 2307 447 2403 tractum
477 2303 607 2380 littora
631 2305 764 2403 Euripi
795 2307 973 2404 sinusque
1007 2305 1168 2394 Crisam,

1 2399 2 2450 ³
74 2405 187 2504 plana
211 2401 392 2503 pleraque
419 2405 484 2475 aut
507 2401 670 2477 molliter
695 2400 870 2494 declivia,
901 2405 1024 2475 miuus
1058 2425 1168 2500 quam

76 2501 182 2574 vallis
211 2503 369 2574 interior
401 2499 558 2594 fertilia,
599 2525 721 2602 neque
759 2504 884 2573 tamen
925 2496 1069 2571 sterilia
1104 2498 1169 2570 aut

1 2623 2 2628 ’
76 2623 234 2698 aspera:
271 2595 459 2696 portubus
499 2623 646 2698 quoque
683 2597 869 2673 nonnuliis
907 2594 1092 2668 instructa
1131 2595 1170 2668 et

75 2703 127 2866 qui
153 2697 381 2840 pqqcatoriee
406 2699 673 2796 maritimisque
700 2696 931 2769 commerciis
957 2717 1167 2766 accommo-

101 2797 165 2866 ata
208 2797 242 2890 ).

590 3016 600 3036 .
631 2962 677 3035 V.

169 3091 518 3170 lnlraParnethem
547 2978 588 3170 el
604 3093 872 3170 Cithaeronem
899 3086 949 3163 ad
973 3083 1167 3162 meridiem

1 3219 2 3222 ’
79 3197 114 3266 et
150 3191 295 3265 Eurum
337 3217 470 3264 versus
509 3192 639 3267 littora
677 3189 871 3291 paullatim
911 3186 1168 3278 coarctentur,

80 3290 197 3363 donec
228 3293 267 3362 in
300 3295 601 3386 promontorium
633 3289 772 3362 coeunt
809 3282 1059 3359 CCCLXXV
1089 3281 1169 3356 lere

1 3407 2 3414 ’
80 3385 210 3460 stadiis
243 3413 265 3458 a
297 3388 485 3460 Boeotiae
524 3386 662 3460 linibus
702 3387 897 3478 remotum.
955 3383 1039 3454 lloc
1076 3405 1167 3480 pro·

1 3515 2 3530 ¹
79 3487 304 3558 montorium
338 3483 498 3558 Sunium
541 3493 616 3579 est,
653 3490 758 3558 terra
799 3485 942 3572 Attica,
982 3479 1169 3578 triquetra

1 3587 2 3676 ξ
81 3580 200 3680 ligura
234 3590 271 3656 et
302 3584 387 3680 ipso
422 3587 497 3657 situ
522 3609 567 3656 ac
599 3581 672 3656 soli
703 3583 841 3656 natura
871 3583 911 3652 in
935 3581 1015 3651 tres
1039 3577 1170 3674 partes

146 3786 177 3858 6)
197 3787 293 3841 Strah.
314 3789 368 3858 IX,
386 3789 405 3842 4
422 3809 451 3862 p.
470 3791 533 3846 425.
552 3793 641 3846 Krus.
660 3793 699 3862 11,
716 3793 735 3847 2
752 3809 779 3862 p.
799 3789 860 3854 113,
880 3786 932 3842 136
950 3805 991 3858 sq.

1 3875 2 3898 ³
147 3877 179 3945 7)
199 3879 289 3930 Krus·
308 3876 327 3930 1.
345 3878 366 3933 l.
384 3899 412 3950 p.
431 3880 457 3934 2.
573 3875 574 3878 ’

82 4043 94 4090 ι
148 3967 306 4092 8ἷ14.2ἒ10,
332 3968 346 4020 l
371 3988 399 4040 p·
417 3970 485 4036 420,
509 3971 571 4024 431.
610 3968 716 4023 Grosln
742 3969 778 4022 ad
803 3967 899 4023 Strata.
926 3966 947 4020 l.
972 3965 993 4023 l.
1014 3960 1166 4018 Thiersclu.

95 4058 147 4095 om.
200 4059 227 4112 p.
302 4070 308 4084 .

148 4127 179 4182 91
197 4124 335 4180 Wheler.
354 4145 381 4196 p.
400 4127 463 4182 376.
499 4129 634 4186 Mueller.
652 4131 788 4186 Orchom.
809 4151 837 4202 p.
849 4131 894 4185 33.

150 4215 195 4282 10)
214 4216 311 4268 Strah.
330 4215 384 4282 IX,
403 4216 422 4271 9
439 4237 465 4289 p.
484 4218 547 4287 405,
565 4222 628 4276 406.

152 4303 197 4371 11)
215 4303 303 4358 Krus.
323 4305 360 4370 ll,
380 4306 396 4358 1
414 4325 442 4377 p.
462 4307 516 4362 419
535 4316 564 4361 et
581 4311 634 4365 499
653 4331 696 4384 sq.

153 4392 196 4460 l‘l)
214 4391 322 4464 Ephor.
343 4411 388 4466 ap.
407 4395 504 4456 Strah.
524 4399 579 4464 lx,
597 4402 615 4454 2
634 4419 663 4471 p,
682 4399 745 4453 400.
