2814 5080
160 409 163 418 ¹
266 370 322 446 '8·
345 370 407 446 Dc
431 371 636 473 dsbcs'plr'nu
652 377 827 478 pallebat
1048 387 1121 462 337

42 553 195 650 riam²⁰).
244 552 449 652 Proprium
481 552 555 629 boc
588 562 824 656 gymnasium
850 561 939 634 ante
964 563 1120 641 Tbemi-

42 651 187 728 stoclem
215 648 347 734 ,uotbis
379 649 467 745 l'uit3
512 649 580 727 sed
612 654 650 726 id
681 659 818 753 postca
849 683 925 732 uon
961 662 1120 760 amplius

40 747 270 824 observatum
285 749 347 841 ²¹).
398 749 510 840 Quae
548 757 747 848 practerea
781 763 1137 844 commemorantur¹

38 847 896 1042 recinamustineaene
927 859 1120 1028 uua

36 1039 239 1140 palaestrae
256 1048 376 1129 erant,
402 1039 532 1140 quales
551 1047 891 1118 commemorantur
909 975 1119 1146 lgllpporra·

37 1143 91 1230 tis,
117 1138 308 1230 Taureae,
334 1133 573 1237 Satyrum),
610 1142 649 1212 in
681 1139 817 1240 quibus
841 1168 963 1244 neque
989 1147 1119 1221 eadem

36 1238 152 1307 omnia
179 1238 335 1335 quaein
361 1239 569 1334 gymnasiis
596 1241 792 1330 exercitia,
818 1265 939 1340 neque
956 1239 1119 1340 publice,

35 1337 71 1404 nt
87 1335 123 1405 in
144 1329 233 1425 illis,
259 1329 326 1404 sed
368 1335 513 1405 rivatim
529 1332 701 1412 factitata
714 1334 961 1435 videntur²⁵):
987 1365 1118 1438 quam-

35 1455 136 1529 quam
162 1435 271 1503 eraut
294 1358 510 1527 palaestrae
536 1433 647 1504 ctiam
664 1427 839 1529 publicae
857 1442 894 1506 et
914 1461 997 1508 cum
1008 1462 1117 1538 gym-

33 1530 142 1625 nasiis
169 1527 392 1601 coniunctae
417 1534 483 1600 aut
505 1533 789 1628 gymnasiorum
812 1534 1014 1632 partes20).

443 1693 478 1792 §-
504 1693 705 1771 cxxxv,

121 1831 314 1918 Custodes
347 1847 467 1916 omnis
492 1869 696 1943 puerorum
723 1842 942 1944 disciplinae
966 1846 1116 1948 publice

29 1942 254 2015 constitutos
279 1939 397 2013 luisse
423 1938 551 2014 decem
578 1939 842 2038 sophronistas
868 1947 906 2015 et
926 1948 1118 2046 Areopagi

30 2042 132 2111 etiam
168 2036 240 2110 buc
273 2041 435 2110 maxima
460 2042 689 2136 pertinuisse
715 2042 976 2113 auctoritatem
1002 2070 1118 2141 supra

27 2136 93 2209 iam
133 2138 510 2210 commemoravimus
526 2137 572 2234 1).
635 2130 812 2210 Habebat
847 2142 972 2212 antem
1003 2167 1115 2239 prae-

91 2396 140 2460 eo)
159 2396 284 2450 causan.
301 2395 327 2464 1,
345 2395 389 2463 19,
406 2395 434 2451 a.
472 2394 555 2450 sara.
573 2414 598 2454 ..u
616 2393 751 2451 arsa.
769 2406 798 2461 p.
818 2359 877 2450 aaa
899 2394 960 2449 iae.

91 2500 141 2570 21)
174 2500 323 2560 Demostlu
346 2504 378 2557 in
396 2504 535 2558 Aristocr.
553 2513 582 2568 Ρ.
600 2501 662 2572 691,
682 2501 726 2558 18.
762 2499 910 2558 Plutarch.
930 2500 1069 2559 'l’bemist
1089 2522 1115 2560 o.

26 2570 39 2624 l
55 2572 155 2648 ibique
174 2576 312 2630 Sintenis.

87 2679 141 2750 22)
165 2685 251 2754 corp.
268 2681 358 2734 lusor.
377 2680 391 2733 1
409 2692 437 2746 Ρ.
457 2679 520 2734 456.

87 2786 142 2855 23)
165 2789 290 2842 Pausan.
311 2788 397 2855 1,17,
420 2787 443 2840 1.

88 2888 141 2963 24)
173 2893 287 2948 Pseudo
309 2893 359 2948 lut.
377 2896 442 2947 vitt.
469 2893 501 2946 X
524 2910 565 2945 or.
621 2929 629 2946 .
652 2891 705 2949 837
728 2893 763 2949 Ε.
814 2892 887 2946 l’lat.
912 2891 1056 2947 Charmid.
1084 2915 1113 2968 p.

24 2963 73 3017 153
97 2968 137 3018 Α.
166 2914 312 3019 Plutarcb.
331 2965 426 3020 Aloib.
452 2983 475 3018 o.
502 2964 527 3016 3.
565 2912 689 3020 Palmae.
709 2966 746 3018 ad
764 2965 881 3020 Lucian.
901 2963 936 3016 de
956 2959 1068 3036 parosit
1089 2986 1113 3020 c.

22 3036 60 3089 43.
72 3064 104 3077 -
124 3039 235 3092 Fuitne
253 3037 329 3090 idem
349 3037 479 3090 Taureos
499 3054 563 3090 cum
582 3036 734 3108 Sibyrtio?
752 3055 825 3110 quae
843 3038 947 3092 Meieri
971 3041 1115 3092 sententia

22 3126 81 3161 esse
99 3109 222 3162 videtur
241 3109 278 3162 ad
295 3108 385 3164 baala.
403 3121 431 3178 p.
449 3109 511 3164 423.

87 3213 138 3281 25)
162 3213 207 3269 (tl.
227 3215 320 3269 Stain.
340 3216 377 3269 ad
394 3213 541 3268 Plutarch.
561 3214 597 3268 de
615 3233 697 3288 puer.
715 3213 797 3269 educ·
814 3233 844 3287 p.
864 3215 925 3272 156.

85 3317 140 3391 26)
168 3321 212 3374 lta
236 3322 387 3393 Lycurgus
413 3341 456 3394 ap.
481 3319 668 3394 Pseudoplut.
696 3343 724 3394 p.
749 3321 802 3378 841
827 3322 860 3374 G·
886 3321 1056 3394 palaestram
1081 3325 1115 3376 in

20 3387 112 3458 Lyceo
140 3393 310 3447 aedificasse
340 3395 453 3448 dicitur.
490 3395 525 3446 In
553 3393 693 3452 animal.
717 3392 849 3464 Xenopb.
874 3393 910 3446 de
932 3413 956 3447 r.
981 3413 1008 3464 p.
1031 3397 1113 3464 ΑΛ,

21 3461 62 3514 lu.
84 3465 215 3517 Pansan.
235 3465 286 3532 vl,
306 3467 351 3534 21,·
369 3469 394 3520 2.
410 3467 456 3528 23,
475 3467 494 3520 3
511 3465 561 3518 ubi
578 3465 735 3540 ndioempcs
752 3467 889 3519 exercitia
908 3466 1021 3536 quidem
1037 3476 1113 3536 sunt,

19 3533 67 3584 sed
85 3536 196 3607 quibus
214 3535 375 3608 palaestrae
393 3537 597 3590 inserviebant.
616 3537 692 3591 aaa
708 3540 744 3591 A.
754 3537 881 3591 Cramer.
892 3536 927 3590 tle
941 3537 1020 3591 educ.
1032 3557 1113 3610 puer.

19 3613 45 3669 P·
62 3607 108 3664 37.
149 3609 265 3661 Kranae
285 3609 396 3680 Tbeag.
413 3629 440 3680 p.
461 3610 520 3662 141.
539 3611 602 3664 234.

92 3710 126 3780 l)
154 3715 223 3786 cap.
249 3715 268 3770 8
291 3713 382 3784 Ml,
403 3716 445 3770 12.
473 3722 502 3768 et
526 3733 550 3768 c.
569 3716 585 3769 7
604 3711 629 3786 §.
648 3715 692 3771 69.
710 3741 747 3756 -
764 3714 825 3769 aaa
842 3712 960 3768 videtur
977 3712 1044 3766 milri
1065 3731 1113 3766 so-

15 3779 235 3904 pbronistarum
255 3791 438 3856 magistratus
456 3788 601 3841 recentior
619 3805 697 3840 esser
720 3805 815 3859 neque
834 3788 909 3840 anim
929 3802 947 3836 a
965 3787 1113 3854 scriptori-

36 3873 69 3907 us
99 3870 344 3912 commemoratur
370 3867 570 3932 praeterquam
598 3877 615 3911 a
644 3859 835 3928 grammaticis
863 3865 893 3909 et
922 3855 958 3907 ab
993 3874 1112 3908 ancora

15 3927 142 3980 Axiocbi
171 3946 195 3981 o.
214 3930 241 3998 8,
260 3949 343 4002 quam
363 3931 505 4001 dialogum
524 3929 740 3985 Alexandrinae
758 3931 859 3982 aetatis
879 3945 944 3980 esse
963 3930 1049 3979 certis
1067 3930 1114 3980 in-

15 3996 97 4050 diciis
126 3999 317 4054 demonstrari
341 4011 449 4074 potest3
485 4019 572 4074 porro
599 4004 631 4054 in
654 3999 889 4073 inscriptionibus
908 3997 1046 4070 frequens
1064 4017 1115 4051 so-

13 4066 233 4137 phronistarum
251 4075 359 4128 mentio
376 4081 428 4142 est,
447 4083 479 4128 nt
493 4077 579 4127 etiam
591 4073 730 4144 κοσμηπὸν,
748 4067 946 4140 timueramus,
967 4068 1049 4123 niuoso
1064 4089 1115 4138 μη-

12 4140 74 4194 miv:
103 4142 162 4195 seel
185 4143 267 4197 nulla
294 4143 394 4199 barum
418 4147 637 4218 inscriptionum
662 4163 678 4197 a
704 4141 914 4196 vetustioribus
944 4150 998 4194 est.
1045 4141 1113 4194 vid.

12 4211 98 4285 Gorp.
124 4215 218 4272 Inscr.
242 4233 290 4270 no·
313 4218 375 4272 254.
399 4218 461 4274 258.
485 4219 547 4272 272.
571 4217 634 4271 276.
653 4215 706 4270 277
728 4221 758 4267 et
776 4212 829 4268 all.
847 4211 929 4266 mult.
948 4215 1019 4266 Anti
1039 4222 1116 4267 utus

10 4285 243 4350 gymnasiarobis
271 4287 440 4361 disciplinae
470 4293 502 4343 in
526 4289 685 4358 gymnasiis
709 4303 808 4339 curam
832 4285 998 4356 impositam
1021 4231 1117 4338 luisse

12 4354 139 4428 colligas
160 4358 311 4414 asalonis
329 4360 395 4432 laga
414 4379 459 4435 ap.
478 4359 614 4416 Acachia.
631 4365 663 4436 iu
681 4355 828 4416 Timuab.
847 4368 876 4424 p.
895 4357 942 4413 38.
959 4356 1011 4427 ³9,
1041 4374 1115 4430 quos

848 4442 900 4520 22
