<?xml version="1.0" encoding="UTF-8"?>
<!DOCTYPE html PUBLIC "-//W3C//DTD XHTML 1.0 Transitional//EN"
    "http://www.w3.org/TR/xhtml1/DTD/xhtml1-transitional.dtd">
<html xmlns="http://www.w3.org/1999/xhtml" xml:lang="en" lang="en">
 <head>
  <title>
</title>
<meta http-equiv="Content-Type" content="text/html;charset=utf-8" />
  <meta name='ocr-system' content='tesseract 3.04.00' />
  <meta name='ocr-capabilities' content='ocr_page ocr_carea ocr_par ocr_line ocrx_word'/>
</head>
<body>
  <div class='ocr_page' id='page_1' title='image "./antiquitatesiur00schogoog_0028.png"; bbox 0 0 2840 5084; ppageno 0'>
   <div class='ocr_carea' id='block_1_1' title="bbox 486 305 1165 392">
    <p class='ocr_par' dir='ltr' id='par_1_1' title="bbox 486 305 1165 392">
     <span class='ocr_line' id='line_1_1' title="bbox 486 305 1165 392; baseline 0.006 -12"><span class='ocrx_word' id='word_1_1' title='bbox 486 305 745 382; x_wconf 72' lang='lat' dir='ltr'><strong>Prooemium·</strong></span> <span class='ocrx_word' id='word_1_2' title='bbox 1120 323 1165 392; x_wconf 80' lang='lat'><strong>15</strong></span> 
     </span>
    </p>
   </div>
   <div class='ocr_carea' id='block_1_2' title="bbox 64 485 1174 2443">
    <p class='ocr_par' dir='ltr' id='par_1_2' title="bbox 64 485 1174 2443">
     <span class='ocr_line' id='line_1_2' title="bbox 76 485 1169 593; baseline 0.008 -27"><span class='ocrx_word' id='word_1_3' title='bbox 76 487 350 578; x_wconf 78' lang='lat' dir='ltr'><strong>adolescentes,</strong></span> <span class='ocrx_word' id='word_1_4' title='bbox 376 485 499 562; x_wconf 88' lang='lat' dir='ltr'><strong>status</strong></span> <span class='ocrx_word' id='word_1_5' title='bbox 526 487 710 562; x_wconf 78' lang='lat' dir='ltr'><strong>Graeciae</strong></span> <span class='ocrx_word' id='word_1_6' title='bbox 735 486 867 583; x_wconf 83' lang='lat' dir='ltr'><strong>civilis,</strong></span> <span class='ocrx_word' id='word_1_7' title='bbox 892 495 955 593; x_wconf 87' lang='lat' dir='ltr'><strong>qui</strong></span> <span class='ocrx_word' id='word_1_8' title='bbox 980 491 1052 570; x_wconf 84' lang='lat' dir='ltr'><strong>suit</strong></span> <span class='ocrx_word' id='word_1_9' title='bbox 1073 493 1169 574; x_wconf 87' lang='lat' dir='ltr'><strong>belli·</strong></span> 
     </span>
     <span class='ocr_line' id='line_1_3' title="bbox 75 583 1166 694; baseline 0.008 -30"><span class='ocrx_word' id='word_1_10' title='bbox 75 587 393 686; x_wconf 86' lang='lat' dir='ltr'><strong>Peloponnesiaci</strong></span> <span class='ocrx_word' id='word_1_11' title='bbox 418 591 600 685; x_wconf 89' lang='lat' dir='ltr'><strong>tempore,</strong></span> <span class='ocrx_word' id='word_1_12' title='bbox 624 583 841 662; x_wconf 83' lang='lat' dir='ltr'><strong>viridiorem</strong></span> <span class='ocrx_word' id='word_1_13' title='bbox 867 592 1097 694; x_wconf 86' lang='lat' dir='ltr'><strong>ettanquam</strong></span> <span class='ocrx_word' id='word_1_14' title='bbox 1113 619 1166 672; x_wconf 81' lang='lat' dir='ltr'><strong>ex</strong></span> 
     </span>
     <span class='ocr_line' id='line_1_4' title="bbox 74 680 1165 791; baseline 0.006 -28"><span class='ocrx_word' id='word_1_15' title='bbox 74 684 306 763; x_wconf 76' lang='lat' dir='ltr'><strong>oculatorum</strong></span> <span class='ocrx_word' id='word_1_16' title='bbox 323 683 484 757; x_wconf 80' lang='lat' dir='ltr'><strong>testium</strong></span> <span class='ocrx_word' id='word_1_17' title='bbox 510 680 759 756; x_wconf 75' lang='lat' dir='ltr'><strong>relationibus</strong></span> <span class='ocrx_word' id='word_1_18' title='bbox 784 707 1007 785; x_wconf 77' lang='lat' dir='ltr'><strong>expressam</strong></span> <span class='ocrx_word' id='word_1_19' title='bbox 1032 690 1165 791; x_wconf 66' lang='lat' dir='ltr'><strong>imagi-</strong></span> 
     </span>
     <span class='ocr_line' id='line_1_5' title="bbox 72 777 1164 875; baseline 0.006 -18"><span class='ocrx_word' id='word_1_20' title='bbox 72 795 163 859; x_wconf 87' lang='lat' dir='ltr'><strong>nem·</strong></span> <span class='ocrx_word' id='word_1_21' title='bbox 178 777 398 856; x_wconf 84' lang='lat' dir='ltr'><strong>describere</strong></span> <span class='ocrx_word' id='word_1_22' title='bbox 424 783 550 852; x_wconf 89' lang='lat' dir='ltr'><strong>conati</strong></span> <span class='ocrx_word' id='word_1_23' title='bbox 567 781 621 875; x_wconf 86' lang='lat'><strong>⁷):</strong></span> <span class='ocrx_word' id='word_1_24' title='bbox 647 780 758 855; x_wconf 79' lang='lat' dir='ltr'><strong>simili</strong></span> <span class='ocrx_word' id='word_1_25' title='bbox 786 807 832 856; x_wconf 88' lang='lat' dir='ltr'><strong>ue</strong></span> <span class='ocrx_word' id='word_1_26' title='bbox 857 789 1058 864; x_wconf 85' lang='lat' dir='ltr'><strong>rationein</strong></span> <span class='ocrx_word' id='word_1_27' title='bbox 1074 791 1164 866; x_wconf 80' lang='lat' dir='ltr'><strong>Gal-</strong></span> 
     </span>
     <span class='ocr_line' id='line_1_6' title="bbox 71 808 1165 980; baseline 0.004 -26"><span class='ocrx_word' id='word_1_28' title='bbox 71 882 120 955; x_wconf 92' lang='lat' dir='ltr'><strong>lia</strong></span> <span class='ocrx_word' id='word_1_29' title='bbox 153 875 440 954; x_wconf 88' lang='lat' dir='ltr'><strong>Bartbelemius</strong></span> <span class='ocrx_word' id='word_1_30' title='bbox 476 875 710 952; x_wconf 79' lang='lat' dir='ltr'><strong>Anacharsin</strong></span> <span class='ocrx_word' id='word_1_31' title='bbox 750 808 932 980; x_wconf 54' lang='lat' dir='ltr'><strong>baymam</strong></span> <span class='ocrx_word' id='word_1_32' title='bbox 978 883 1026 962; x_wconf 88' lang='lat' dir='ltr'><strong>‹le</strong></span> <span class='ocrx_word' id='word_1_33' title='bbox 1062 893 1165 962; x_wconf 88' lang='lat' dir='ltr'><strong>omni</strong></span> 
     </span>
     <span class='ocr_line' id='line_1_7' title="bbox 72 972 1165 1078; baseline 0.007 -26"><span class='ocrx_word' id='word_1_34' title='bbox 72 982 304 1052; x_wconf 81' lang='lat' dir='ltr'><strong>Graecorum</strong></span> <span class='ocrx_word' id='word_1_35' title='bbox 330 977 407 1048; x_wconf 83' lang='lat' dir='ltr'><strong>vita</strong></span> <span class='ocrx_word' id='word_1_36' title='bbox 430 972 582 1072; x_wconf 89' lang='lat' dir='ltr'><strong>publica</strong></span> <span class='ocrx_word' id='word_1_37' title='bbox 607 978 646 1050; x_wconf 90' lang='lat' dir='ltr'><strong>et</strong></span> <span class='ocrx_word' id='word_1_38' title='bbox 668 978 830 1074; x_wconf 86' lang='lat' dir='ltr'><strong>privata,</strong></span> <span class='ocrx_word' id='word_1_39' title='bbox 857 976 904 1055; x_wconf 84' lang='lat' dir='ltr'><strong>de</strong></span> <span class='ocrx_word' id='word_1_40' title='bbox 928 979 1079 1078; x_wconf 87' lang='lat' dir='ltr'><strong>litteris,</strong></span> <span class='ocrx_word' id='word_1_41' title='bbox 1104 1009 1165 1060; x_wconf 88' lang='lat' dir='ltr'><strong>ar-</strong></span> 
     </span>
     <span class='ocr_line' id='line_1_8' title="bbox 68 1068 1165 1173; baseline 0.008 -23"><span class='ocrx_word' id='word_1_42' title='bbox 68 1075 181 1169; x_wconf 87' lang='lat' dir='ltr'><strong>tibus,</strong></span> <span class='ocrx_word' id='word_1_43' title='bbox 204 1071 388 1166; x_wconf 87' lang='lat' dir='ltr'><strong>moribus,</strong></span> <span class='ocrx_word' id='word_1_44' title='bbox 414 1068 563 1164; x_wconf 86' lang='lat' dir='ltr'><strong>ritibus,</strong></span> <span class='ocrx_word' id='word_1_45' title='bbox 589 1097 686 1173; x_wconf 88' lang='lat' dir='ltr'><strong>quae</strong></span> <span class='ocrx_word' id='word_1_46' title='bbox 711 1076 749 1146; x_wconf 90' lang='lat' dir='ltr'><strong>in</strong></span> <span class='ocrx_word' id='word_1_47' title='bbox 774 1076 927 1171; x_wconf 88' lang='lat' dir='ltr'><strong>itinere,</strong></span> <span class='ocrx_word' id='word_1_48' title='bbox 960 1082 1062 1155; x_wconf 85' lang='lat' dir='ltr'><strong>eirca</strong></span> <span class='ocrx_word' id='word_1_49' title='bbox 1086 1109 1165 1158; x_wconf 86' lang='lat' dir='ltr'><strong>me·</strong></span> 
     </span>
     <span class='ocr_line' id='line_1_9' title="bbox 69 1169 1163 1274; baseline 0.006 -27"><span class='ocrx_word' id='word_1_50' title='bbox 69 1172 166 1247; x_wconf 77' lang='lat' dir='ltr'><strong>(lium</strong></span> <span class='ocrx_word' id='word_1_51' title='bbox 193 1179 369 1272; x_wconf 83' lang='lat' dir='ltr'><strong>quartum</strong></span> <span class='ocrx_word' id='word_1_52' title='bbox 395 1195 430 1242; x_wconf 88' lang='lat' dir='ltr'><strong>a.</strong></span> <span class='ocrx_word' id='word_1_53' title='bbox 451 1171 495 1242; x_wconf 77' lang='lat'><strong>0.</strong></span> <span class='ocrx_word' id='word_1_54' title='bbox 522 1195 559 1242; x_wconf 90' lang='lat' dir='ltr'><strong>n.</strong></span> <span class='ocrx_word' id='word_1_55' title='bbox 586 1169 790 1264; x_wconf 85' lang='lat' dir='ltr'><strong>saeculum,</strong></span> <span class='ocrx_word' id='word_1_56' title='bbox 817 1181 1007 1274; x_wconf 77' lang='lat' dir='ltr'><strong>cognorit,</strong></span> <span class='ocrx_word' id='word_1_57' title='bbox 1034 1184 1163 1254; x_wconf 91' lang='lat' dir='ltr'><strong>amicis</strong></span> 
     </span>
     <span class='ocr_line' id='line_1_10' title="bbox 67 1265 1163 1372; baseline 0.003 -24"><span class='ocrx_word' id='word_1_58' title='bbox 67 1275 140 1348; x_wconf 88' lang='lat' dir='ltr'><strong>suis</strong></span> <span class='ocrx_word' id='word_1_59' title='bbox 175 1295 245 1368; x_wconf 90' lang='lat' dir='ltr'><strong>per</strong></span> <span class='ocrx_word' id='word_1_60' title='bbox 277 1265 460 1366; x_wconf 87' lang='lat' dir='ltr'><strong>epistolas</strong></span> <span class='ocrx_word' id='word_1_61' title='bbox 492 1265 582 1342; x_wconf 83' lang='lat' dir='ltr'><strong>iecit</strong></span> <span class='ocrx_word' id='word_1_62' title='bbox 615 1274 869 1366; x_wconf 84' lang='lat' dir='ltr'><strong>exponentem</strong></span> <span class='ocrx_word' id='word_1_63' title='bbox 884 1275 931 1368; x_wconf 80' lang='lat'><strong>⁶).</strong></span> <span class='ocrx_word' id='word_1_64' title='bbox 981 1275 1030 1348; x_wconf 88' lang='lat' dir='ltr'><strong>lli</strong></span> <span class='ocrx_word' id='word_1_65' title='bbox 1063 1274 1163 1372; x_wconf 88' lang='lat' dir='ltr'><strong>libri,</strong></span> 
     </span>
     <span class='ocr_line' id='line_1_11' title="bbox 67 1362 1161 1473; baseline 0.007 -32"><span class='ocrx_word' id='word_1_66' title='bbox 67 1371 247 1468; x_wconf 89' lang='lat' dir='ltr'><strong>imprimis</strong></span> <span class='ocrx_word' id='word_1_67' title='bbox 265 1362 523 1457; x_wconf 82' lang='lat' dir='ltr'><strong>Bartbelemii,</strong></span> <span class='ocrx_word' id='word_1_68' title='bbox 538 1362 641 1438; x_wconf 87' lang='lat' dir='ltr'><strong>lectu</strong></span> <span class='ocrx_word' id='word_1_69' title='bbox 651 1365 907 1468; x_wconf 81' lang='lat' dir='ltr'><strong>iucundissimi</strong></span> <span class='ocrx_word' id='word_1_70' title='bbox 922 1377 1036 1473; x_wconf 84' lang='lat' dir='ltr'><strong>atque</strong></span> <span class='ocrx_word' id='word_1_71' title='bbox 1049 1377 1161 1449; x_wconf 82' lang='lat' dir='ltr'><strong>etiam</strong></span> 
     </span>
     <span class='ocr_line' id='line_1_12' title="bbox 67 1459 1162 1572; baseline 0.006 -32"><span class='ocrx_word' id='word_1_72' title='bbox 67 1463 247 1565; x_wconf 82' lang='lat' dir='ltr'><strong>perutiles</strong></span> <span class='ocrx_word' id='word_1_73' title='bbox 274 1466 362 1538; x_wconf 87' lang='lat' dir='ltr'><strong>sunt</strong></span> <span class='ocrx_word' id='word_1_74' title='bbox 386 1487 605 1563; x_wconf 89' lang='lat' dir='ltr'><strong>summaque</strong></span> <span class='ocrx_word' id='word_1_75' title='bbox 630 1459 742 1564; x_wconf 86' lang='lat' dir='ltr'><strong>laude</strong></span> <span class='ocrx_word' id='word_1_76' title='bbox 775 1463 905 1564; x_wconf 81' lang='lat' dir='ltr'><strong>digni:¹</strong></span> <span class='ocrx_word' id='word_1_77' title='bbox 937 1495 1162 1572; x_wconf 83' lang='lat' dir='ltr'><strong>quamquam</strong></span> 
     </span>
     <span class='ocr_line' id='line_1_13' title="bbox 68 1557 1163 1662; baseline 0.007 -26"><span class='ocrx_word' id='word_1_78' title='bbox 68 1567 159 1637; x_wconf 88' lang='lat' dir='ltr'><strong>satis</strong></span> <span class='ocrx_word' id='word_1_79' title='bbox 193 1585 310 1659; x_wconf 88' lang='lat' dir='ltr'><strong>saepe</strong></span> <span class='ocrx_word' id='word_1_80' title='bbox 342 1561 408 1632; x_wconf 88' lang='lat' dir='ltr'><strong>aut</strong></span> <span class='ocrx_word' id='word_1_81' title='bbox 439 1558 537 1634; x_wconf 83' lang='lat' dir='ltr'><strong>salsa</strong></span> <span class='ocrx_word' id='word_1_82' title='bbox 567 1557 655 1634; x_wconf 81' lang='lat' dir='ltr'><strong>licta</strong></span> <span class='ocrx_word' id='word_1_83' title='bbox 684 1587 730 1634; x_wconf 90' lang='lat' dir='ltr'><strong>ne</strong></span> <span class='ocrx_word' id='word_1_84' title='bbox 760 1587 833 1662; x_wconf 92' lang='lat' dir='ltr'><strong>pro</strong></span> <span class='ocrx_word' id='word_1_85' title='bbox 865 1570 967 1640; x_wconf 81' lang='lat' dir='ltr'><strong>veris</strong></span> <span class='ocrx_word' id='word_1_86' title='bbox 1005 1569 1163 1644; x_wconf 85' lang='lat' dir='ltr'><strong>tradunt</strong></span> 
     </span>
     <span class='ocr_line' id='line_1_14' title="bbox 67 1585 1160 1766; baseline 0.007 -32"><span class='ocrx_word' id='word_1_87' title='bbox 67 1663 130 1734; x_wconf 87' lang='lat' dir='ltr'><strong>aut</strong></span> <span class='ocrx_word' id='word_1_88' title='bbox 156 1663 281 1732; x_wconf 88' lang='lat' dir='ltr'><strong>minus</strong></span> <span class='ocrx_word' id='word_1_89' title='bbox 306 1662 413 1731; x_wconf 90' lang='lat' dir='ltr'><strong>recta</strong></span> <span class='ocrx_word' id='word_1_90' title='bbox 438 1655 485 1731; x_wconf 81' lang='lat' dir='ltr'><strong>de</strong></span> <span class='ocrx_word' id='word_1_91' title='bbox 512 1585 732 1758; x_wconf 71' lang='lat' dir='ltr'><strong>quibuslam</strong></span> <span class='ocrx_word' id='word_1_92' title='bbox 759 1659 875 1735; x_wconf 89' lang='lat' dir='ltr'><strong>rebus</strong></span> <span class='ocrx_word' id='word_1_93' title='bbox 905 1662 1044 1740; x_wconf 86' lang='lat' dir='ltr'><strong>iudicia</strong></span> <span class='ocrx_word' id='word_1_94' title='bbox 1069 1693 1160 1766; x_wconf 91' lang='lat' dir='ltr'><strong>pro-</strong></span> 
     </span>
     <span class='ocr_line' id='line_1_15' title="bbox 66 1757 1160 1865; baseline 0.007 -34"><span class='ocrx_word' id='word_1_95' title='bbox 66 1767 182 1832; x_wconf 90' lang='lat' dir='ltr'><strong>munt.</strong></span> <span class='ocrx_word' id='word_1_96' title='bbox 197 1799 245 1812; x_wconf 96' lang='lat'>-</span> <span class='ocrx_word' id='word_1_97' title='bbox 270 1757 415 1828; x_wconf 87' lang='lat' dir='ltr'><strong>Nostra</strong></span> <span class='ocrx_word' id='word_1_98' title='bbox 439 1763 563 1828; x_wconf 88' lang='lat' dir='ltr'><strong>autem</strong></span> <span class='ocrx_word' id='word_1_99' title='bbox 589 1758 714 1829; x_wconf 88' lang='lat' dir='ltr'><strong>aetate</strong></span> <span class='ocrx_word' id='word_1_100' title='bbox 739 1783 761 1829; x_wconf 89' lang='lat' dir='ltr'><strong>a</strong></span> <span class='ocrx_word' id='word_1_101' title='bbox 787 1762 878 1833; x_wconf 87' lang='lat' dir='ltr'><strong>viris</strong></span> <span class='ocrx_word' id='word_1_102' title='bbox 904 1758 1160 1865; x_wconf 86' lang='lat' dir='ltr'><strong>doctriuapa-</strong></span> 
     </span>
     <span class='ocr_line' id='line_1_16' title="bbox 65 1851 1160 1936; baseline 0.006 -7"><span class='ocrx_word' id='word_1_103' title='bbox 65 1859 159 1929; x_wconf 88' lang='lat' dir='ltr'><strong>riter</strong></span> <span class='ocrx_word' id='word_1_104' title='bbox 185 1857 225 1929; x_wconf 89' lang='lat' dir='ltr'><strong>et</strong></span> <span class='ocrx_word' id='word_1_105' title='bbox 248 1851 387 1926; x_wconf 90' lang='lat' dir='ltr'><strong>iudicio</strong></span> <span class='ocrx_word' id='word_1_106' title='bbox 413 1853 607 1926; x_wconf 77' lang='lat' dir='ltr'><strong>instructis</strong></span> <span class='ocrx_word' id='word_1_107' title='bbox 633 1856 755 1926; x_wconf 90' lang='lat' dir='ltr'><strong>omnis</strong></span> <span class='ocrx_word' id='word_1_108' title='bbox 782 1851 875 1929; x_wconf 85' lang='lat' dir='ltr'><strong>baec</strong></span> <span class='ocrx_word' id='word_1_109' title='bbox 906 1858 1067 1934; x_wconf 88' lang='lat' dir='ltr'><strong>civilium</strong></span> <span class='ocrx_word' id='word_1_110' title='bbox 1094 1887 1160 1936; x_wconf 85' lang='lat' dir='ltr'><strong>eu-</strong></span> 
     </span>
     <span class='ocr_line' id='line_1_17' title="bbox 67 1946 1160 2054; baseline 0.005 -28"><span class='ocrx_word' id='word_1_111' title='bbox 67 1955 285 2054; x_wconf 89' lang='lat' dir='ltr'><strong>tiquitatum</strong></span> <span class='ocrx_word' id='word_1_112' title='bbox 299 1952 456 2022; x_wconf 82' lang='lat' dir='ltr'><strong>materia</strong></span> <span class='ocrx_word' id='word_1_113' title='bbox 471 1946 690 2046; x_wconf 77' lang='lat' dir='ltr'><strong>diligentius</strong></span> <span class='ocrx_word' id='word_1_114' title='bbox 705 1948 829 2025; x_wconf 87' lang='lat' dir='ltr'><strong>denuo</strong></span> <span class='ocrx_word' id='word_1_115' title='bbox 841 1979 1016 2050; x_wconf 86' lang='lat' dir='ltr'><strong>excussa,</strong></span> <span class='ocrx_word' id='word_1_116' title='bbox 1031 1958 1160 2053; x_wconf 87' lang='lat' dir='ltr'><strong>multa,</strong></span> 
     </span>
     <span class='ocr_line' id='line_1_18' title="bbox 64 2045 1174 2157; baseline 0.006 -34"><span class='ocrx_word' id='word_1_117' title='bbox 64 2077 162 2150; x_wconf 88' lang='lat' dir='ltr'><strong>quae</strong></span> <span class='ocrx_word' id='word_1_118' title='bbox 188 2052 337 2148; x_wconf 82' lang='lat' dir='ltr'><strong>priores</strong></span> <span class='ocrx_word' id='word_1_119' title='bbox 362 2045 632 2145; x_wconf 83' lang='lat' dir='ltr'><strong>neglexerant,</strong></span> <span class='ocrx_word' id='word_1_120' title='bbox 664 2052 881 2146; x_wconf 86' lang='lat' dir='ltr'><strong>protracta,</strong></span> <span class='ocrx_word' id='word_1_121' title='bbox 912 2051 1040 2129; x_wconf 82' lang='lat' dir='ltr'><strong>sontes</strong></span> <span class='ocrx_word' id='word_1_122' title='bbox 1066 2082 1174 2157; x_wconf 46' lang='lat' dir='ltr'><strong>quo-1</strong></span> 
     </span>
     <span class='ocr_line' id='line_1_19' title="bbox 66 2147 1159 2249; baseline 0.008 -30"><span class='ocrx_word' id='word_1_123' title='bbox 66 2175 137 2249; x_wconf 89' lang='lat' dir='ltr'><strong>que</strong></span> <span class='ocrx_word' id='word_1_124' title='bbox 172 2173 249 2226; x_wconf 90' lang='lat' dir='ltr'><strong>non</strong></span> <span class='ocrx_word' id='word_1_125' title='bbox 290 2148 401 2244; x_wconf 88' lang='lat' dir='ltr'><strong>pauci</strong></span> <span class='ocrx_word' id='word_1_126' title='bbox 440 2147 529 2216; x_wconf 90' lang='lat' dir='ltr'><strong>novi</strong></span> <span class='ocrx_word' id='word_1_127' title='bbox 567 2149 728 2243; x_wconf 87' lang='lat' dir='ltr'><strong>reperti,</strong></span> <span class='ocrx_word' id='word_1_128' title='bbox 767 2173 939 2249; x_wconf 86' lang='lat' dir='ltr'><strong>novaque</strong></span> <span class='ocrx_word' id='word_1_129' title='bbox 973 2153 1011 2224; x_wconf 86' lang='lat' dir='ltr'><strong>et</strong></span> <span class='ocrx_word' id='word_1_130' title='bbox 1042 2151 1106 2226; x_wconf 95' lang='lat' dir='ltr'><strong>lon</strong></span> <span class='ocrx_word' id='word_1_131' title='bbox 1139 2181 1159 2229; x_wconf 93' lang='lat' dir='ltr'><strong>e</strong></span> 
     </span>
     <span class='ocr_line' id='line_1_20' title="bbox 66 2179 1159 2352; baseline 0.008 -35"><span class='ocrx_word' id='word_1_132' title='bbox 66 2271 179 2346; x_wconf 88' lang='lat' dir='ltr'><strong>quam</strong></span> <span class='ocrx_word' id='word_1_133' title='bbox 205 2243 292 2317; x_wconf 91' lang='lat' dir='ltr'><strong>olim</strong></span> <span class='ocrx_word' id='word_1_134' title='bbox 319 2241 481 2316; x_wconf 89' lang='lat' dir='ltr'><strong>clariore</strong></span> <span class='ocrx_word' id='word_1_135' title='bbox 506 2239 589 2314; x_wconf 90' lang='lat' dir='ltr'><strong>luce</strong></span> <span class='ocrx_word' id='word_1_136' title='bbox 615 2240 819 2345; x_wconf 85' lang='lat' dir='ltr'><strong>pleraeque</strong></span> <span class='ocrx_word' id='word_1_137' title='bbox 851 2243 962 2322; x_wconf 91' lang='lat' dir='ltr'><strong>buius</strong></span> <span class='ocrx_word' id='word_1_138' title='bbox 995 2179 1159 2352; x_wconf 62' lang='grc' dir='ltr'><strong>111εοὶ1111-</strong></span> 
     </span>
     <span class='ocr_line' id='line_1_21' title="bbox 64 2338 1159 2443; baseline 0.006 -28"><span class='ocrx_word' id='word_1_139' title='bbox 64 2369 137 2417; x_wconf 89' lang='lat' dir='ltr'><strong>nae</strong></span> <span class='ocrx_word' id='word_1_140' title='bbox 175 2343 306 2443; x_wconf 87' lang='lat' dir='ltr'><strong>partes</strong></span> <span class='ocrx_word' id='word_1_141' title='bbox 340 2338 553 2416; x_wconf 82' lang='lat' dir='ltr'><strong>illustratae</strong></span> <span class='ocrx_word' id='word_1_142' title='bbox 592 2342 739 2438; x_wconf 73' lang='lat' dir='ltr'><strong>sunt-⁹).</strong></span> <span class='ocrx_word' id='word_1_143' title='bbox 796 2344 926 2418; x_wconf 82' lang='lat' dir='ltr'><strong>Finem</strong></span> <span class='ocrx_word' id='word_1_144' title='bbox 969 2372 1061 2421; x_wconf 88' lang='lat' dir='ltr'><strong>vero</strong></span> <span class='ocrx_word' id='word_1_145' title='bbox 1101 2346 1159 2422; x_wconf 86' lang='lat' dir='ltr'><strong>bis</strong></span> 
     </span>
    </p>
   </div>
   <div class='ocr_carea' id='block_1_3' title="bbox 67 2486 264 2500">
    <p class='ocr_par' dir='ltr' id='par_1_3' title="bbox 67 2486 264 2500">
     <span class='ocr_line' id='line_1_22' title="bbox 67 2486 264 2500; baseline -0.005 -2"><span class='ocrx_word' id='word_1_146' title='bbox 67 2486 264 2500; x_wconf 53' lang='grc' dir='ltr'><strong>*ιι-</strong></span> 
     </span>
    </p>
   </div>
   <div class='ocr_carea' id='block_1_4' title="bbox 136 2548 1158 2627">
    <p class='ocr_par' dir='ltr' id='par_1_4' title="bbox 136 2548 1158 2627">
     <span class='ocr_line' id='line_1_23' title="bbox 136 2548 1158 2627; baseline 0.006 -21"><span class='ocrx_word' id='word_1_147' title='bbox 136 2549 171 2614; x_wconf 79' lang='grc'><strong>7)</strong></span> <span class='ocrx_word' id='word_1_148' title='bbox 190 2549 339 2621; x_wconf 79' lang='lat' dir='ltr'><strong>Philippus</strong></span> <span class='ocrx_word' id='word_1_149' title='bbox 363 2548 478 2617; x_wconf 81' lang='lat' dir='ltr'><strong>Yorlre‚</strong></span> <span class='ocrx_word' id='word_1_150' title='bbox 504 2566 599 2602; x_wconf 88' lang='lat' dir='ltr'><strong>comes</strong></span> <span class='ocrx_word' id='word_1_151' title='bbox 624 2549 660 2602; x_wconf 77' lang='lat' dir='ltr'><strong>cle</strong></span> <span class='ocrx_word' id='word_1_152' title='bbox 683 2550 873 2622; x_wconf 81' lang='lat' dir='ltr'><strong>llartlwiclre,</strong></span> <span class='ocrx_word' id='word_1_153' title='bbox 899 2553 1022 2609; x_wconf 79' lang='lat' dir='ltr'><strong>Carolus</strong></span> <span class='ocrx_word' id='word_1_154' title='bbox 1047 2557 1158 2627; x_wconf 81' lang='lat' dir='ltr'><strong>Yorlre,</strong></span> 
     </span>
    </p>
   </div>
   <div class='ocr_carea' id='block_1_5' title="bbox 66 2621 1158 2747">
    <p class='ocr_par' dir='ltr' id='par_1_5' title="bbox 66 2621 1158 2747">
     <span class='ocr_line' id='line_1_24' title="bbox 66 2621 1158 2747; baseline 0.006 -72"><span class='ocrx_word' id='word_1_155' title='bbox 66 2621 151 2676; x_wconf 84' lang='lat' dir='ltr'><strong>buius</strong></span> <span class='ocrx_word' id='word_1_156' title='bbox 171 2623 275 2687; x_wconf 83' lang='lat' dir='ltr'><strong>frater,</strong></span> <span class='ocrx_word' id='word_1_157' title='bbox 303 2624 338 2674; x_wconf 74' lang='grc'><strong>1).</strong></span> <span class='ocrx_word' id='word_1_158' title='bbox 356 2621 479 2688; x_wconf 72' lang='lat' dir='ltr'><strong>Rooke,</strong></span> <span class='ocrx_word' id='word_1_159' title='bbox 502 2622 539 2676; x_wconf 88' lang='lat' dir='ltr'><strong>D.</strong></span> <span class='ocrx_word' id='word_1_160' title='bbox 560 2623 655 2674; x_wconf 81' lang='lat' dir='ltr'><strong>Green</strong></span> <span class='ocrx_word' id='word_1_161' title='bbox 676 2623 783 2747; x_wconf 44' lang='lat' dir='ltr'><strong>ambre</strong></span> <span class='ocrx_word' id='word_1_162' title='bbox 800 2624 913 2696; x_wconf 85' lang='lat' dir='ltr'><strong>plures,</strong></span> <span class='ocrx_word' id='word_1_163' title='bbox 938 2631 1022 2680; x_wconf 89' lang='lat' dir='ltr'><strong>etiam</strong></span> <span class='ocrx_word' id='word_1_164' title='bbox 1047 2631 1158 2684; x_wconf 75' lang='lat' dir='ltr'><strong>erudita</strong></span> 
     </span>
    </p>
   </div>
   <div class='ocr_carea' id='block_1_6' title="bbox 63 2693 1157 3108">
    <p class='ocr_par' dir='ltr' id='par_1_6' title="bbox 63 2693 1157 3108">
     <span class='ocr_line' id='line_1_25' title="bbox 65 2693 1157 2767; baseline 0.007 -21"><span class='ocrx_word' id='word_1_165' title='bbox 65 2695 171 2748; x_wconf 86' lang='lat' dir='ltr'><strong>mulier</strong></span> <span class='ocrx_word' id='word_1_166' title='bbox 189 2693 346 2748; x_wconf 84' lang='lat' dir='ltr'><strong>Catharina</strong></span> <span class='ocrx_word' id='word_1_167' title='bbox 364 2693 481 2762; x_wconf 83' lang='lat' dir='ltr'><strong>Talbot,</strong></span> <span class='ocrx_word' id='word_1_168' title='bbox 500 2695 677 2764; x_wconf 85' lang='lat' dir='ltr'><strong>scripserunt</strong></span> <span class='ocrx_word' id='word_1_169' title='bbox 697 2697 734 2746; x_wconf 81' lang='lat' dir='ltr'><strong>At</strong></span> <span class='ocrx_word' id='word_1_170' title='bbox 755 2700 841 2748; x_wconf 84' lang='lat' dir='ltr'><strong>cuiun</strong></span> <span class='ocrx_word' id='word_1_171' title='bbox 859 2696 968 2767; x_wconf 85' lang='lat' dir='ltr'><strong>lettres,</strong></span> <span class='ocrx_word' id='word_1_172' title='bbox 988 2719 1021 2752; x_wconf 91' lang='lat' dir='ltr'><strong>or</strong></span> <span class='ocrx_word' id='word_1_173' title='bbox 1039 2700 1114 2754; x_wconf 88' lang='lat' dir='ltr'><strong>tbee</strong></span> <span class='ocrx_word' id='word_1_174' title='bbox 1135 2706 1157 2754; x_wconf 94' lang='lat' dir='ltr'><strong>i·</strong></span> 
     </span>
     <span class='ocr_line' id='line_1_26' title="bbox 64 2723 1157 2844; baseline 0.007 -26"><span class='ocrx_word' id='word_1_175' title='bbox 64 2767 178 2836; x_wconf 79' lang='lat' dir='ltr'><strong>stolary</strong></span> <span class='ocrx_word' id='word_1_176' title='bbox 196 2763 443 2836; x_wconf 83' lang='lat' dir='ltr'><strong>correspondence</strong></span> <span class='ocrx_word' id='word_1_177' title='bbox 463 2765 497 2817; x_wconf 85' lang='lat' dir='ltr'><strong>of</strong></span> <span class='ocrx_word' id='word_1_178' title='bbox 512 2783 549 2816; x_wconf 84' lang='lat' dir='ltr'><strong>aa</strong></span> <span class='ocrx_word' id='word_1_179' title='bbox 569 2774 655 2834; x_wconf 79' lang='lat' dir='ltr'><strong>agent</strong></span> <span class='ocrx_word' id='word_1_180' title='bbox 673 2767 706 2818; x_wconf 81' lang='lat' dir='ltr'><strong>of</strong></span> <span class='ocrx_word' id='word_1_181' title='bbox 722 2765 771 2819; x_wconf 87' lang='lat' dir='ltr'><strong>tbe</strong></span> <span class='ocrx_word' id='word_1_182' title='bbox 789 2767 860 2837; x_wconf 70' lang='lat' dir='ltr'><strong>king</strong></span> <span class='ocrx_word' id='word_1_183' title='bbox 878 2769 912 2822; x_wconf 81' lang='lat' dir='ltr'><strong>of</strong></span> <span class='ocrx_word' id='word_1_184' title='bbox 926 2773 1035 2840; x_wconf 86' lang='lat' dir='ltr'><strong>Persia,</strong></span> <span class='ocrx_word' id='word_1_185' title='bbox 1055 2779 1103 2844; x_wconf 84' lang='lat' dir='ltr'><strong>qui</strong></span> <span class='ocrx_word' id='word_1_186' title='bbox 1115 2723 1157 2826; x_wconf 82' lang='lat' dir='ltr'><strong>li-</strong></span> 
     </span>
     <span class='ocr_line' id='line_1_27' title="bbox 63 2837 1156 2915; baseline 0.006 -25"><span class='ocrx_word' id='word_1_187' title='bbox 63 2839 115 2891; x_wconf 88' lang='lat' dir='ltr'><strong>ber</strong></span> <span class='ocrx_word' id='word_1_188' title='bbox 139 2841 219 2911; x_wconf 80' lang='lat' dir='ltr'><strong>typis</strong></span> <span class='ocrx_word' id='word_1_189' title='bbox 244 2837 404 2908; x_wconf 86' lang='lat' dir='ltr'><strong>descriptus</strong></span> <span class='ocrx_word' id='word_1_190' title='bbox 430 2855 496 2888; x_wconf 86' lang='lat' dir='ltr'><strong>aun.</strong></span> <span class='ocrx_word' id='word_1_191' title='bbox 522 2837 589 2890; x_wconf 77' lang='grc'><strong>1741</strong></span> <span class='ocrx_word' id='word_1_192' title='bbox 617 2843 646 2889; x_wconf 88' lang='lat' dir='ltr'><strong>et</strong></span> <span class='ocrx_word' id='word_1_193' title='bbox 665 2839 743 2892; x_wconf 71' lang='lat'>1743.</span> <span class='ocrx_word' id='word_1_194' title='bbox 762 2839 793 2904; x_wconf 88' lang='grc'><strong>8,</strong></span> <span class='ocrx_word' id='word_1_195' title='bbox 817 2841 840 2894; x_wconf 88' lang='lat' dir='ltr'><strong>l.</strong></span> <span class='ocrx_word' id='word_1_196' title='bbox 860 2842 879 2894; x_wconf 74' lang='grc'><strong>4</strong></span> <span class='ocrx_word' id='word_1_197' title='bbox 896 2844 1057 2915; x_wconf 83' lang='lat' dir='ltr'><strong>iterumque</strong></span> <span class='ocrx_word' id='word_1_198' title='bbox 1078 2846 1156 2899; x_wconf 81' lang='grc'><strong>1781.</strong></span> 
     </span>
     <span class='ocr_line' id='line_1_28' title="bbox 63 2909 1157 2986; baseline 0.005 -24"><span class='ocrx_word' id='word_1_199' title='bbox 63 2913 117 2964; x_wconf 78' lang='lat' dir='ltr'><strong>lv.</strong></span> <span class='ocrx_word' id='word_1_200' title='bbox 138 2913 173 2978; x_wconf 47' lang='grc' dir='ltr'><strong>8,Χ</strong></span> <span class='ocrx_word' id='word_1_201' title='bbox 184 2909 237 2962; x_wconf 84' lang='lat' dir='ltr'><strong>sed</strong></span> <span class='ocrx_word' id='word_1_202' title='bbox 254 2927 315 2962; x_wconf 89' lang='lat' dir='ltr'><strong>non</strong></span> <span class='ocrx_word' id='word_1_203' title='bbox 332 2909 494 2980; x_wconf 84' lang='lat' dir='ltr'><strong>publicatus</strong></span> <span class='ocrx_word' id='word_1_204' title='bbox 513 2912 568 2960; x_wconf 89' lang='lat' dir='ltr'><strong>nisi</strong></span> <span class='ocrx_word' id='word_1_205' title='bbox 588 2926 655 2964; x_wconf 84' lang='lat' dir='ltr'><strong>anu.</strong></span> <span class='ocrx_word' id='word_1_206' title='bbox 676 2910 754 2967; x_wconf 81' lang='lat'>1798.</span> <span class='ocrx_word' id='word_1_207' title='bbox 773 2912 813 2964; x_wconf 89' lang='lat'><strong>11.</strong></span> <span class='ocrx_word' id='word_1_208' title='bbox 830 2913 849 2966; x_wconf 81' lang='grc'>4</span> <span class='ocrx_word' id='word_1_209' title='bbox 867 2920 896 2964; x_wconf 88' lang='lat' dir='ltr'><strong>et</strong></span> <span class='ocrx_word' id='word_1_210' title='bbox 913 2922 1004 2986; x_wconf 82' lang='lat' dir='ltr'><strong>repet.</strong></span> <span class='ocrx_word' id='word_1_211' title='bbox 1023 2916 1157 2968; x_wconf 88' lang='lat' dir='ltr'><strong>Basileae</strong></span> 
     </span>
     <span class='ocr_line' id='line_1_29' title="bbox 64 2981 1157 3108; baseline 0.004 -72"><span class='ocrx_word' id='word_1_212' title='bbox 64 2983 144 3036; x_wconf 82' lang='grc'><strong>1800.</strong></span> <span class='ocrx_word' id='word_1_213' title='bbox 170 2981 275 3108; x_wconf 68' lang='lat'>11188.</span> <span class='ocrx_word' id='word_1_214' title='bbox 312 2982 347 3033; x_wconf 88' lang='lat' dir='ltr'><strong>lu</strong></span> <span class='ocrx_word' id='word_1_215' title='bbox 367 2983 463 3035; x_wconf 83' lang='lat' dir='ltr'><strong>Germ.</strong></span> <span class='ocrx_word' id='word_1_216' title='bbox 487 2999 570 3036; x_wconf 84' lang='lat' dir='ltr'><strong>serm.</strong></span> <span class='ocrx_word' id='word_1_217' title='bbox 596 2987 726 3036; x_wconf 86' lang='lat' dir='ltr'><strong>convert.</strong></span> <span class='ocrx_word' id='word_1_218' title='bbox 750 2984 800 3040; x_wconf 82' lang='lat' dir='ltr'><strong>Fr.</strong></span> <span class='ocrx_word' id='word_1_219' title='bbox 825 2984 944 3039; x_wconf 84' lang='lat' dir='ltr'><strong>Jacobs.</strong></span> <span class='ocrx_word' id='word_1_220' title='bbox 979 2988 1056 3058; x_wconf 85' lang='lat' dir='ltr'><strong>Lips.</strong></span> <span class='ocrx_word' id='word_1_221' title='bbox 1078 2989 1157 3056; x_wconf 72' lang='grc'><strong>1199.</strong></span> 
     </span>
    </p>
   </div>
   <div class='ocr_carea' id='block_1_7' title="bbox 64 3157 1156 3310">
    <p class='ocr_par' dir='ltr' id='par_1_7' title="bbox 64 3157 1156 3310">
     <span class='ocr_line' id='line_1_30' title="bbox 134 3157 1156 3231; baseline 0.002 -15"><span class='ocrx_word' id='word_1_222' title='bbox 134 3157 171 3226; x_wconf 86' lang='grc'><strong>8)</strong></span> <span class='ocrx_word' id='word_1_223' title='bbox 189 3161 317 3231; x_wconf 77' lang='lat' dir='ltr'><strong>voyage</strong></span> <span class='ocrx_word' id='word_1_224' title='bbox 337 3158 374 3212; x_wconf 78' lang='lat' dir='ltr'><strong>du</strong></span> <span class='ocrx_word' id='word_1_225' title='bbox 389 3160 479 3230; x_wconf 88' lang='lat' dir='ltr'><strong>jeunc</strong></span> <span class='ocrx_word' id='word_1_226' title='bbox 497 3157 672 3214; x_wconf 82' lang='lat' dir='ltr'><strong>Anacharsis</strong></span> <span class='ocrx_word' id='word_1_227' title='bbox 691 3179 728 3214; x_wconf 88' lang='lat' dir='ltr'><strong>en</strong></span> <span class='ocrx_word' id='word_1_228' title='bbox 747 3160 840 3214; x_wconf 71' lang='lat' dir='ltr'><strong>Grtoe</strong></span> <span class='ocrx_word' id='word_1_229' title='bbox 860 3163 931 3216; x_wconf 85' lang='lat' dir='ltr'><strong>dans</strong></span> <span class='ocrx_word' id='word_1_230' title='bbox 949 3162 977 3215; x_wconf 87' lang='lat' dir='ltr'><strong>le</strong></span> <span class='ocrx_word' id='word_1_231' title='bbox 994 3162 1093 3218; x_wconf 90' lang='lat' dir='ltr'><strong>milieu</strong></span> <span class='ocrx_word' id='word_1_232' title='bbox 1118 3165 1156 3218; x_wconf 87' lang='lat' dir='ltr'><strong>du</strong></span> 
     </span>
     <span class='ocr_line' id='line_1_31' title="bbox 64 3231 1156 3310; baseline 0.005 -25"><span class='ocrx_word' id='word_1_233' title='bbox 64 3235 227 3304; x_wconf 81' lang='lat' dir='ltr'><strong>quatrienre</strong></span> <span class='ocrx_word' id='word_1_234' title='bbox 243 3231 331 3285; x_wconf 86' lang='lat' dir='ltr'><strong>siecle</strong></span> <span class='ocrx_word' id='word_1_235' title='bbox 350 3239 437 3284; x_wconf 80' lang='lat' dir='ltr'><strong>avaut</strong></span> <span class='ocrx_word' id='word_1_236' title='bbox 454 3231 523 3284; x_wconf 79' lang='lat' dir='ltr'><strong>l’c&#39;ere</strong></span> <span class='ocrx_word' id='word_1_237' title='bbox 541 3231 682 3300; x_wconf 74' lang='lat' dir='ltr'><strong>vulgaire.</strong></span> <span class='ocrx_word' id='word_1_238' title='bbox 718 3234 801 3284; x_wconf 85' lang='lat' dir='ltr'><strong>Paris</strong></span> <span class='ocrx_word' id='word_1_239' title='bbox 820 3235 897 3288; x_wconf 87' lang='grc'><strong>1788.</strong></span> <span class='ocrx_word' id='word_1_240' title='bbox 920 3237 986 3287; x_wconf 82' lang='lat' dir='ltr'><strong>vn.</strong></span> <span class='ocrx_word' id='word_1_241' title='bbox 1006 3237 1032 3290; x_wconf 89' lang='grc'><strong>8.</strong></span> <span class='ocrx_word' id='word_1_242' title='bbox 1059 3244 1087 3290; x_wconf 90' lang='lat' dir='ltr'><strong>et</strong></span> <span class='ocrx_word' id='word_1_243' title='bbox 1105 3257 1156 3310; x_wconf 92' lang='lat' dir='ltr'><strong>po-</strong></span> 
     </span>
    </p>
   </div>
   <div class='ocr_carea' id='block_1_8' title="bbox 65 3303 1157 3503">
    <p class='ocr_par' dir='ltr' id='par_1_8' title="bbox 65 3303 1157 3503">
     <span class='ocr_line' id='line_1_32' title="bbox 65 3303 1157 3376; baseline 0.005 -20"><span class='ocrx_word' id='word_1_244' title='bbox 65 3312 125 3357; x_wconf 83' lang='lat' dir='ltr'><strong>stea</strong></span> <span class='ocrx_word' id='word_1_245' title='bbox 142 3307 259 3376; x_wconf 83' lang='lat' dir='ltr'><strong>saepius</strong></span> <span class='ocrx_word' id='word_1_246' title='bbox 278 3303 323 3357; x_wconf 83' lang='lat' dir='ltr'><strong>ed.</strong></span> <span class='ocrx_word' id='word_1_247' title='bbox 357 3306 391 3356; x_wconf 92' lang='lat' dir='ltr'><strong>ln</strong></span> <span class='ocrx_word' id='word_1_248' title='bbox 412 3306 508 3358; x_wconf 77' lang='lat' dir='ltr'><strong>Germ.</strong></span> <span class='ocrx_word' id='word_1_249' title='bbox 528 3321 612 3358; x_wconf 83' lang='lat' dir='ltr'><strong>serm.</strong></span> <span class='ocrx_word' id='word_1_250' title='bbox 633 3322 717 3356; x_wconf 77' lang='lat' dir='ltr'><strong>conv,</strong></span> <span class='ocrx_word' id='word_1_251' title='bbox 738 3304 773 3356; x_wconf 91' lang='lat' dir='ltr'><strong>ab</strong></span> <span class='ocrx_word' id='word_1_252' title='bbox 792 3305 998 3374; x_wconf 77' lang='lat' dir='ltr'><strong>J.E·lliester.</strong></span> <span class='ocrx_word' id='word_1_253' title='bbox 1028 3310 1157 3364; x_wconf 88' lang='lat' dir='ltr'><strong>Berolin.</strong></span> 
     </span>
     <span class='ocr_line' id='line_1_33' title="bbox 66 3373 1155 3503; baseline 0.006 -73"><span class='ocrx_word' id='word_1_254' title='bbox 66 3377 276 3503; x_wconf 38' lang='lat' dir='ltr'><strong>Etlzgllbb.</strong></span> <span class='ocrx_word' id='word_1_255' title='bbox 296 3382 325 3428; x_wconf 87' lang='lat' dir='ltr'><strong>et</strong></span> <span class='ocrx_word' id='word_1_256' title='bbox 343 3394 361 3428; x_wconf 89' lang='lat' dir='ltr'><strong>a</strong></span> <span class='ocrx_word' id='word_1_257' title='bbox 379 3379 413 3432; x_wconf 78' lang='lat' dir='ltr'><strong>(l.</strong></span> <span class='ocrx_word' id='word_1_258' title='bbox 430 3378 466 3429; x_wconf 78' lang='lat' dir='ltr'><strong>A.</strong></span> <span class='ocrx_word' id='word_1_259' title='bbox 482 3373 603 3428; x_wconf 83' lang='lat' dir='ltr'><strong>Fischer</strong></span> <span class='ocrx_word' id='word_1_260' title='bbox 621 3383 650 3428; x_wconf 86' lang='lat' dir='ltr'><strong>et</strong></span> <span class='ocrx_word' id='word_1_261' title='bbox 670 3374 726 3428; x_wconf 81' lang='lat' dir='ltr'><strong>Th.</strong></span> <span class='ocrx_word' id='word_1_262' title='bbox 746 3377 781 3429; x_wconf 90' lang='lat' dir='ltr'><strong>de</strong></span> <span class='ocrx_word' id='word_1_263' title='bbox 800 3377 905 3448; x_wconf 83' lang='lat' dir='ltr'><strong>Haupt,</strong></span> <span class='ocrx_word' id='word_1_264' title='bbox 934 3380 1067 3448; x_wconf 76' lang='lat' dir='ltr'><strong>Moguut.</strong></span> <span class='ocrx_word' id='word_1_265' title='bbox 1087 3385 1155 3436; x_wconf 73' lang='grc'><strong>1818</strong></span> 
     </span>
    </p>
   </div>
   <div class='ocr_carea' id='block_1_9' title="bbox 133 3533 1154 3607">
    <p class='ocr_par' dir='ltr' id='par_1_9' title="bbox 133 3533 1154 3607">
     <span class='ocr_line' id='line_1_34' title="bbox 133 3533 1154 3607; baseline 0.004 -17"><span class='ocrx_word' id='word_1_266' title='bbox 133 3535 166 3601; x_wconf 85' lang='grc'><strong>9)</strong></span> <span class='ocrx_word' id='word_1_267' title='bbox 187 3537 221 3590; x_wconf 78' lang='lat' dir='ltr'><strong>F.</strong></span> <span class='ocrx_word' id='word_1_268' title='bbox 239 3538 276 3588; x_wconf 87' lang='lat' dir='ltr'><strong>A.</strong></span> <span class='ocrx_word' id='word_1_269' title='bbox 296 3535 412 3603; x_wconf 88' lang='lat' dir='ltr'><strong>Wollii,</strong></span> <span class='ocrx_word' id='word_1_270' title='bbox 431 3538 465 3590; x_wconf 80' lang='lat' dir='ltr'><strong>A.</strong></span> <span class='ocrx_word' id='word_1_271' title='bbox 482 3533 637 3601; x_wconf 84' lang='lat' dir='ltr'><strong>Boeelrbii,</strong></span> <span class='ocrx_word' id='word_1_272' title='bbox 662 3535 695 3591; x_wconf 79' lang='lat' dir='ltr'><strong>C.</strong></span> <span class='ocrx_word' id='word_1_273' title='bbox 716 3536 749 3587; x_wconf 89' lang='lat'><strong>0.</strong></span> <span class='ocrx_word' id='word_1_274' title='bbox 769 3536 921 3607; x_wconf 85' lang='lat' dir='ltr'><strong>Muelleri,</strong></span> <span class='ocrx_word' id='word_1_275' title='bbox 945 3544 980 3594; x_wconf 79' lang='lat' dir='ltr'><strong>A.</strong></span> <span class='ocrx_word' id='word_1_276' title='bbox 999 3543 1054 3593; x_wconf 63' lang='lat' dir='ltr'><strong>W,</strong></span> <span class='ocrx_word' id='word_1_277' title='bbox 1075 3542 1154 3594; x_wconf 76' lang='lat' dir='ltr'><strong>Hell-</strong></span> 
     </span>
    </p>
   </div>
   <div class='ocr_carea' id='block_1_10' title="bbox 1 3595 1153 3682">
    <p class='ocr_par' dir='ltr' id='par_1_10' title="bbox 1 3595 1153 3682">
     <span class='ocr_line' id='line_1_35' title="bbox 1 3595 1153 3682; baseline 0.005 -22"><span class='ocrx_word' id='word_1_278' title='bbox 1 3595 2 3598; x_wconf 11' lang='grc'><strong>1</strong></span> <span class='ocrx_word' id='word_1_279' title='bbox 66 3611 126 3675; x_wconf 78' lang='lat' dir='ltr'><strong>teri,</strong></span> <span class='ocrx_word' id='word_1_280' title='bbox 144 3608 179 3660; x_wconf 84' lang='grc' dir='ltr'><strong>Ε.</strong></span> <span class='ocrx_word' id='word_1_281' title='bbox 199 3609 242 3661; x_wconf 88' lang='grc' dir='ltr'><strong>Μ.</strong></span> <span class='ocrx_word' id='word_1_282' title='bbox 263 3610 375 3676; x_wconf 87' lang='lat' dir='ltr'><strong>Meieri,</strong></span> <span class='ocrx_word' id='word_1_283' title='bbox 392 3609 426 3660; x_wconf 86' lang='lat' dir='ltr'><strong>E.</strong></span> <span class='ocrx_word' id='word_1_284' title='bbox 446 3607 575 3661; x_wconf 87' lang='lat' dir='ltr'><strong>Platneri</strong></span> <span class='ocrx_word' id='word_1_285' title='bbox 595 3606 773 3678; x_wconf 83' lang='lat' dir='ltr'><strong>aliorumque</strong></span> <span class='ocrx_word' id='word_1_286' title='bbox 799 3628 887 3682; x_wconf 91' lang='lat' dir='ltr'><strong>opera</strong></span> <span class='ocrx_word' id='word_1_287' title='bbox 912 3612 988 3666; x_wconf 84' lang='lat' dir='ltr'><strong>inira</strong></span> <span class='ocrx_word' id='word_1_288' title='bbox 1011 3633 1064 3665; x_wconf 89' lang='lat' dir='ltr'><strong>suo</strong></span> <span class='ocrx_word' id='word_1_289' title='bbox 1088 3614 1153 3666; x_wconf 91' lang='lat' dir='ltr'><strong>loco</strong></span> 
     </span>
    </p>
   </div>
   <div class='ocr_carea' id='block_1_11' title="bbox 68 3679 1154 3751">
    <p class='ocr_par' dir='ltr' id='par_1_11' title="bbox 68 3679 1154 3751">
     <span class='ocr_line' id='line_1_36' title="bbox 68 3679 1154 3751; baseline 0.005 -19"><span class='ocrx_word' id='word_1_290' title='bbox 68 3679 379 3732; x_wconf 82' lang='lat' dir='ltr'><strong>commemorabuntur:</strong></span> <span class='ocrx_word' id='word_1_291' title='bbox 402 3699 479 3732; x_wconf 88' lang='lat' dir='ltr'><strong>nunc</strong></span> <span class='ocrx_word' id='word_1_292' title='bbox 503 3683 674 3751; x_wconf 87' lang='lat' dir='ltr'><strong>praecipuos</strong></span> <span class='ocrx_word' id='word_1_293' title='bbox 699 3699 796 3732; x_wconf 87' lang='lat' dir='ltr'><strong>eorum</strong></span> <span class='ocrx_word' id='word_1_294' title='bbox 822 3686 971 3736; x_wconf 84' lang='lat' dir='ltr'><strong>nominare</strong></span> <span class='ocrx_word' id='word_1_295' title='bbox 1001 3690 1071 3736; x_wconf 87' lang='lat' dir='ltr'><strong>satis</strong></span> <span class='ocrx_word' id='word_1_296' title='bbox 1103 3693 1154 3744; x_wconf 80' lang='lat' dir='ltr'><strong>est,</strong></span> 
     </span>
    </p>
   </div>
   <div class='ocr_carea' id='block_1_12' title="bbox 68 3751 1297 3828">
    <p class='ocr_par' dir='ltr' id='par_1_12' title="bbox 68 3751 1297 3828">
     <span class='ocr_line' id='line_1_37' title="bbox 68 3751 1297 3828; baseline 0.007 -25"><span class='ocrx_word' id='word_1_297' title='bbox 68 3754 114 3822; x_wconf 81' lang='lat' dir='ltr'><strong>qui</strong></span> <span class='ocrx_word' id='word_1_298' title='bbox 131 3755 283 3804; x_wconf 82' lang='lat' dir='ltr'><strong>universas</strong></span> <span class='ocrx_word' id='word_1_299' title='bbox 308 3753 492 3824; x_wconf 81' lang='lat' dir='ltr'><strong>antiquitates</strong></span> <span class='ocrx_word' id='word_1_300' title='bbox 516 3751 617 3804; x_wconf 88' lang='lat' dir='ltr'><strong>civiles</strong></span> <span class='ocrx_word' id='word_1_301' title='bbox 645 3751 786 3822; x_wconf 80' lang='lat' dir='ltr'><strong>complexi</strong></span> <span class='ocrx_word' id='word_1_302' title='bbox 809 3762 891 3818; x_wconf 81' lang='lat' dir='ltr'><strong>aunt,</strong></span> <span class='ocrx_word' id='word_1_303' title='bbox 921 3755 1021 3828; x_wconf 88' lang='lat' dir='ltr'><strong>quales</strong></span> <span class='ocrx_word' id='word_1_304' title='bbox 1040 3765 1113 3808; x_wconf 60' lang='lat' dir='ltr'><strong>&#39;sunt</strong></span> <span class='ocrx_word' id='word_1_305' title='bbox 1138 3777 1153 3808; x_wconf 89' lang='lat' dir='ltr'><strong>e</strong></span> <span class='ocrx_word' id='word_1_306' title='bbox 1181 3763 1183 3771; x_wconf 83' lang='grc'><strong>“</strong></span> <span class='ocrx_word' id='word_1_307' title='bbox 1228 3797 1231 3804; x_wconf 68' lang='grc'><strong>.</strong></span> <span class='ocrx_word' id='word_1_308' title='bbox 1272 3753 1297 3812; x_wconf 58' lang='lat' dir='ltr'><em>ss</em></span> 
     </span>
    </p>
   </div>
   <div class='ocr_carea' id='block_1_13' title="bbox 66 3822 1154 3966">
    <p class='ocr_par' dir='ltr' id='par_1_13' title="bbox 66 3822 1154 3966">
     <span class='ocr_line' id='line_1_38' title="bbox 66 3822 1153 3895; baseline 0.006 -21"><span class='ocrx_word' id='word_1_309' title='bbox 66 3823 239 3876; x_wconf 79' lang='lat' dir='ltr'><strong>nostratibus</strong></span> <span class='ocrx_word' id='word_1_310' title='bbox 262 3825 297 3876; x_wconf 83' lang='lat' dir='ltr'><strong>F.</strong></span> <span class='ocrx_word' id='word_1_311' title='bbox 316 3825 372 3875; x_wconf 90' lang='lat' dir='ltr'><strong>W·</strong></span> <span class='ocrx_word' id='word_1_312' title='bbox 392 3826 554 3891; x_wconf 78' lang='lat' dir='ltr'><strong>Tittmaun,</strong></span> <span class='ocrx_word' id='word_1_313' title='bbox 578 3822 766 3892; x_wconf 76' lang='lat' dir='ltr'><strong>Darstellung</strong></span> <span class='ocrx_word' id='word_1_314' title='bbox 789 3823 844 3876; x_wconf 80' lang='lat' dir='ltr'><strong>(ler&#39;</strong></span> <span class='ocrx_word' id='word_1_315' title='bbox 863 3827 970 3895; x_wconf 82' lang='lat' dir='ltr'><strong>griecb.</strong></span> <span class='ocrx_word' id='word_1_316' title='bbox 991 3829 1153 3880; x_wconf 87' lang='lat' dir='ltr'><strong>Staatsver-</strong></span> 
     </span>
     <span class='ocr_line' id='line_1_39' title="bbox 66 3893 1154 3966; baseline 0.006 -21"><span class='ocrx_word' id='word_1_317' title='bbox 66 3893 226 3964; x_wconf 69' lang='lat' dir='ltr'><strong>{assungem</strong></span> <span class='ocrx_word' id='word_1_318' title='bbox 263 3895 340 3966; x_wconf 82' lang='lat' dir='ltr'><strong>Lips.</strong></span> <span class='ocrx_word' id='word_1_319' title='bbox 371 3896 449 3948; x_wconf 81' lang='lat'><strong>1822.</strong></span> <span class='ocrx_word' id='word_1_320' title='bbox 474 3896 500 3949; x_wconf 90' lang='grc'><strong>8.</strong></span> <span class='ocrx_word' id='word_1_321' title='bbox 541 3897 595 3947; x_wconf 89' lang='lat' dir='ltr'><strong>W·</strong></span> <span class='ocrx_word' id='word_1_322' title='bbox 616 3893 828 3962; x_wconf 83' lang='lat' dir='ltr'><strong>Wacbsmutb,</strong></span> <span class='ocrx_word' id='word_1_323' title='bbox 852 3898 1039 3958; x_wconf 85' lang='lat' dir='ltr'><strong>llelleniscbe</strong></span> <span class='ocrx_word' id='word_1_324' title='bbox 1058 3899 1154 3952; x_wconf 80' lang='lat' dir='ltr'><strong>Aller-</strong></span> 
     </span>
    </p>
   </div>
   <div class='ocr_carea' id='block_1_14' title="bbox 1 3965 1153 4038">
    <p class='ocr_par' dir='ltr' id='par_1_14' title="bbox 1 3965 1153 4038">
     <span class='ocr_line' id='line_1_40' title="bbox 1 3965 1153 4038; baseline 0.005 -20"><span class='ocrx_word' id='word_1_325' title='bbox 1 3965 2 3970; x_wconf 66' lang='grc'>’</span> <span class='ocrx_word' id='word_1_326' title='bbox 66 3965 255 4019; x_wconf 79' lang='lat' dir='ltr'><strong>rhumskunde</strong></span> <span class='ocrx_word' id='word_1_327' title='bbox 275 3985 327 4018; x_wconf 77' lang='lat' dir='ltr'><strong>arus</strong></span> <span class='ocrx_word' id='word_1_328' title='bbox 346 3965 410 4018; x_wconf 82' lang='lat' dir='ltr'><strong>clem</strong></span> <span class='ocrx_word' id='word_1_329' title='bbox 430 3965 660 4038; x_wconf 81' lang='lat' dir='ltr'><strong>Gesicbtpunlrte</strong></span> <span class='ocrx_word' id='word_1_330' title='bbox 680 3966 730 4018; x_wconf 89' lang='lat' dir='ltr'><strong>des</strong></span> <span class='ocrx_word' id='word_1_331' title='bbox 750 3969 873 4022; x_wconf 85' lang='lat' dir='ltr'><strong>Staates.</strong></span> <span class='ocrx_word' id='word_1_332' title='bbox 900 3969 967 4024; x_wconf 84' lang='lat' dir='ltr'><strong>Hal.</strong></span> <span class='ocrx_word' id='word_1_333' title='bbox 989 3972 1153 4026; x_wconf 75' lang='lat' dir='ltr'><strong>1826-ta30.</strong></span> 
     </span>
    </p>
   </div>
   <div class='ocr_carea' id='block_1_15' title="bbox 61 4038 1151 4398">
    <p class='ocr_par' dir='ltr' id='par_1_15' title="bbox 61 4038 1151 4398">
     <span class='ocr_line' id='line_1_41' title="bbox 66 4038 1151 4107; baseline 0.006 -18"><span class='ocrx_word' id='word_1_334' title='bbox 66 4039 101 4090; x_wconf 92' lang='lat' dir='ltr'><strong>ll.</strong></span> <span class='ocrx_word' id='word_1_335' title='bbox 118 4045 202 4107; x_wconf 85' lang='lat' dir='ltr'><strong>partt.</strong></span> <span class='ocrx_word' id='word_1_336' title='bbox 219 4041 252 4092; x_wconf 87' lang='lat' dir='ltr'><strong>iu</strong></span> <span class='ocrx_word' id='word_1_337' title='bbox 275 4039 322 4089; x_wconf 86' lang='lat' dir='ltr'><strong>lv</strong></span> <span class='ocrx_word' id='word_1_338' title='bbox 344 4038 415 4090; x_wconf 79' lang='lat' dir='ltr'><strong>vell.</strong></span> <span class='ocrx_word' id='word_1_339' title='bbox 435 4039 461 4092; x_wconf 83' lang='lat'><strong>8.</strong></span> <span class='ocrx_word' id='word_1_340' title='bbox 501 4041 532 4092; x_wconf 86' lang='lat' dir='ltr'><strong>C.</strong></span> <span class='ocrx_word' id='word_1_341' title='bbox 556 4039 590 4090; x_wconf 76' lang='lat' dir='ltr'><strong>F.</strong></span> <span class='ocrx_word' id='word_1_342' title='bbox 606 4039 768 4106; x_wconf 88' lang='lat' dir='ltr'><strong>llcrmaun,</strong></span> <span class='ocrx_word' id='word_1_343' title='bbox 793 4039 945 4094; x_wconf 86' lang='lat' dir='ltr'><strong>Lebrbucb</strong></span> <span class='ocrx_word' id='word_1_344' title='bbox 970 4041 1021 4094; x_wconf 88' lang='lat' dir='ltr'><strong>der</strong></span> <span class='ocrx_word' id='word_1_345' title='bbox 1045 4043 1151 4106; x_wconf 73' lang='lat' dir='ltr'><strong>griecb.</strong></span> 
     </span>
     <span class='ocr_line' id='line_1_42' title="bbox 64 4109 1151 4182; baseline 0.008 -21"><span class='ocrx_word' id='word_1_346' title='bbox 64 4109 349 4163; x_wconf 83' lang='lat' dir='ltr'><strong>Staatsaltertbiimcr</strong></span> <span class='ocrx_word' id='word_1_347' title='bbox 372 4129 424 4162; x_wconf 86' lang='lat' dir='ltr'><strong>aus</strong></span> <span class='ocrx_word' id='word_1_348' title='bbox 449 4110 513 4164; x_wconf 84' lang='lat' dir='ltr'><strong>dem</strong></span> <span class='ocrx_word' id='word_1_349' title='bbox 532 4109 734 4182; x_wconf 79' lang='lat' dir='ltr'><strong>Standpunbte</strong></span> <span class='ocrx_word' id='word_1_350' title='bbox 760 4110 811 4162; x_wconf 87' lang='lat' dir='ltr'><strong>der</strong></span> <span class='ocrx_word' id='word_1_351' title='bbox 830 4111 1013 4170; x_wconf 78' lang='lat' dir='ltr'><strong>Gescbichtc.</strong></span> <span class='ocrx_word' id='word_1_352' title='bbox 1050 4114 1104 4172; x_wconf 79' lang='lat' dir='ltr'><strong>Ed.</strong></span> <span class='ocrx_word' id='word_1_353' title='bbox 1125 4115 1151 4170; x_wconf 93' lang='grc'><strong>1.</strong></span> 
     </span>
     <span class='ocr_line' id='line_1_43' title="bbox 62 4180 1151 4252; baseline 0.005 -18"><span class='ocrx_word' id='word_1_354' title='bbox 62 4181 191 4234; x_wconf 82' lang='lat' dir='ltr'><strong>lleidclb</strong></span> <span class='ocrx_word' id='word_1_355' title='bbox 210 4183 293 4236; x_wconf 81' lang='lat'>1831.</span> <span class='ocrx_word' id='word_1_356' title='bbox 314 4180 357 4234; x_wconf 85' lang='lat' dir='ltr'><strong>ed.</strong></span> <span class='ocrx_word' id='word_1_357' title='bbox 377 4184 400 4234; x_wconf 81' lang='lat'><strong>2.</strong></span> <span class='ocrx_word' id='word_1_358' title='bbox 419 4181 456 4234; x_wconf 83' lang='lat' dir='ltr'><strong>ib·</strong></span> <span class='ocrx_word' id='word_1_359' title='bbox 479 4183 557 4238; x_wconf 81' lang='grc'><strong>1836.</strong></span> <span class='ocrx_word' id='word_1_360' title='bbox 577 4183 602 4235; x_wconf 90' lang='grc'><strong>8.</strong></span> <span class='ocrx_word' id='word_1_361' title='bbox 641 4183 706 4234; x_wconf 84' lang='lat' dir='ltr'><strong>lluc</strong></span> <span class='ocrx_word' id='word_1_362' title='bbox 729 4185 873 4252; x_wconf 86' lang='lat' dir='ltr'><strong>pertinent</strong></span> <span class='ocrx_word' id='word_1_363' title='bbox 897 4187 982 4238; x_wconf 87' lang='lat' dir='ltr'><strong>etiarn</strong></span> <span class='ocrx_word' id='word_1_364' title='bbox 1005 4189 1040 4238; x_wconf 82' lang='lat' dir='ltr'><strong>A.</strong></span> <span class='ocrx_word' id='word_1_365' title='bbox 1060 4189 1097 4238; x_wconf 88' lang='grc'><strong>11.</strong></span> <span class='ocrx_word' id='word_1_366' title='bbox 1116 4187 1151 4239; x_wconf 79' lang='lat' dir='ltr'><strong>L.</strong></span> 
     </span>
     <span class='ocr_line' id='line_1_44' title="bbox 61 4252 1151 4320; baseline 0.006 -16"><span class='ocrx_word' id='word_1_367' title='bbox 61 4254 186 4320; x_wconf 65' lang='grc' dir='ltr'><strong>Περι-οη,</strong></span> <span class='ocrx_word' id='word_1_368' title='bbox 209 4254 304 4307; x_wconf 87' lang='lat' dir='ltr'><strong>Ideen</strong></span> <span class='ocrx_word' id='word_1_369' title='bbox 328 4252 401 4304; x_wconf 89' lang='lat' dir='ltr'><strong>iiber</strong></span> <span class='ocrx_word' id='word_1_370' title='bbox 420 4253 541 4320; x_wconf 77' lang='lat' dir='ltr'><strong>Politik,</strong></span> <span class='ocrx_word' id='word_1_371' title='bbox 565 4252 680 4305; x_wconf 86' lang='lat' dir='ltr'><strong>Handel</strong></span> <span class='ocrx_word' id='word_1_372' title='bbox 698 4253 756 4304; x_wconf 87' lang='lat' dir='ltr'><strong>und</strong></span> <span class='ocrx_word' id='word_1_373' title='bbox 776 4253 912 4308; x_wconf 84' lang='lat' dir='ltr'><strong>Verbebr</strong></span> <span class='ocrx_word' id='word_1_374' title='bbox 930 4258 981 4310; x_wconf 88' lang='lat' dir='ltr'><strong>der</strong></span> <span class='ocrx_word' id='word_1_375' title='bbox 998 4257 1151 4310; x_wconf 83' lang='lat' dir='ltr'><strong>vornebm·</strong></span> 
     </span>
     <span class='ocr_line' id='line_1_45' title="bbox 61 4325 1149 4398; baseline 0.007 -22"><span class='ocrx_word' id='word_1_376' title='bbox 61 4333 121 4378; x_wconf 82' lang='lat' dir='ltr'><strong>ateu</strong></span> <span class='ocrx_word' id='word_1_377' title='bbox 140 4325 254 4379; x_wconf 79' lang='lat' dir='ltr'><strong>Vtillrer</strong></span> <span class='ocrx_word' id='word_1_378' title='bbox 274 4325 327 4378; x_wconf 85' lang='lat' dir='ltr'><strong>der</strong></span> <span class='ocrx_word' id='word_1_379' title='bbox 345 4325 423 4378; x_wconf 88' lang='lat' dir='ltr'><strong>alten</strong></span> <span class='ocrx_word' id='word_1_380' title='bbox 444 4327 537 4380; x_wconf 89' lang='lat' dir='ltr'><strong>Welt.</strong></span> <span class='ocrx_word' id='word_1_381' title='bbox 575 4325 645 4378; x_wconf 81' lang='lat' dir='ltr'><strong>vol.</strong></span> <span class='ocrx_word' id='word_1_382' title='bbox 664 4325 708 4377; x_wconf 94' lang='grc'><strong>111</strong></span> <span class='ocrx_word' id='word_1_383' title='bbox 736 4335 810 4394; x_wconf 65' lang='lat' dir='ltr'><strong>part.</strong></span> <span class='ocrx_word' id='word_1_384' title='bbox 834 4334 856 4384; x_wconf 87' lang='grc'><strong>1.</strong></span> <span class='ocrx_word' id='word_1_385' title='bbox 877 4330 1006 4398; x_wconf 72' lang='lat' dir='ltr'><strong>Gotting.</strong></span> <span class='ocrx_word' id='word_1_386' title='bbox 1025 4329 1103 4384; x_wconf 72' lang='lat'>1812.</span> <span class='ocrx_word' id='word_1_387' title='bbox 1124 4336 1149 4383; x_wconf 82' lang='grc'><strong>8.</strong></span> 
     </span>
    </p>
   </div>
   <div class='ocr_carea' id='block_1_16' title="bbox 0 0 1424 5084">
    <p class='ocr_par' dir='ltr' id='par_1_16' title="bbox 0 0 1424 5084">
     <span class='ocr_line' id='line_1_46' title="bbox 0 0 1424 5084; baseline 0 1"><span class='ocrx_word' id='word_1_388' title='bbox 0 0 1424 5084; x_wconf 95' lang='lat' dir='ltr'><strong> </strong></span> 
     </span>
    </p>
   </div>
  </div>
 </body>
</html>
