2840 5084
243 377 282 430 ¹V
671 330 895 458 Praefatio,
981 355 987 366 ⁸

246 545 382 644 quibus
412 567 537 618 meum
568 543 615 620 de
646 543 747 619 recta
776 543 1041 619 tradendarum
1068 547 1341 646 antiquitatum

247 645 395 716 ratione
423 642 606 717 iudicium
639 667 663 716 a
694 647 777 720 viro
809 645 1133 742 praestantissimo
1169 645 1342 737 dissidet,

249 763 343 837 quae
375 741 554 814 hocloco
588 743 757 840 persequi
786 742 873 814 nolo
904 764 1018 836 quum
1052 744 1136 840 ipsa
1160 743 1344 818 librorum

249 850 460 912 nostrorum
498 841 726 938 comparatio
762 839 891 935 qualia
926 840 1017 911 haec
1065 835 1147 913 sint
1186 841 1344 914 cuilibet

250 948 420 1031 apertum
458 935 578 1008 facere
614 938 743 1035 possit
809 934 982 1010 Ceterum
1020 958 1241 1034 magnopere
1279 963 1344 1011 me

250 1055 366 1128 quum
382 1033 590 1106 Hermanni
602 1035 711 1122 libro,
736 1045 817 1106 tum
836 1033 885 1106 iis
936 1056 1003 1107 uos
1029 1046 1117 1106 ante
1142 1057 1224 1108 eum
1238 1037 1344 1109 Guil.

250 1128 555 1204 Wachsmuthius
588 1144 625 1205 et
655 1130 756 1205 Frid.
783 1131 884 1206 Guil.
908 1059 1150 1205 *iomannes
1185 1126 1231 1204 de
1259 1133 1346 1203 iure

250 1224 400 1392 publico
425 1227 652 1302 Graecorum
677 1227 893 1316 ediderunt,
918 1229 960 1299 in
980 1229 1050 1301 hoc
1075 1251 1159 1300 meo
1184 1229 1345 1302 conscri-

278 1319 373 1393 endo
398 1321 570 1397 adiutum
596 1349 697 1415 esse,
729 1317 895 1418 ingratub
928 1325 1006 1402 sim
1032 1326 1064 1398 si
1098 1321 1343 1400 dissimulem.

252 1417 487 1516 Quamquam
514 1445 602 1496 vere
628 1423 750 1496 dicere
774 1445 939 1518 possum,
964 1423 1108 1494 nullum
1133 1445 1212 1494 non
1224 1422 1343 1494 locum

250 1516 307 1585 ita
332 1536 355 1586 a
380 1539 440 1588 me
464 1527 664 1592 tractatum
691 1543 787 1607 esse,
817 1520 926 1617 quasi
956 1517 1107 1589 bilibri
1133 1541 1212 1590 non
1238 1531 1347 1592 exta-

251 1623 350 1699 rent,
382 1636 502 1712 neque
532 1617 737 1715 quidquam
770 1638 793 1686 a
824 1639 885 1688 me
909 1615 1086 1711 scriptum
1112 1639 1210 1702 esse,
1242 1614 1347 1712 quod

201 1732 203 1741 ¹
251 1731 328 1780 non
353 1724 419 1783 aut
443 1715 524 1809 ipse
548 1716 648 1788 solus
662 1715 902 1800 invenissem,
928 1723 1004 1800 aut,
1029 1713 1177 1784 etiamsi
1193 1711 1242 1782 ab
1257 1713 1345 1787 aliis

252 1819 456 1904 acceptum,
482 1810 576 1882 meis
601 1824 728 1884 tamen
753 1809 869 1882 oculis
895 1808 1202 1906 pervestigassem
1223 1827 1267 1880 ac
1282 1832 1344 1884 ve

252 1927 337 1975 rum
374 1929 455 1978 esse
485 1910 758 2004 comperissem.
816 1906 972 1980 Interim
1007 1904 1123 1978 officii
1156 1905 1231 1977 mei
1264 1929 1347 1978 esse

252 1999 366 2089 duxi,
399 2013 442 2074 ut
473 2001 667 2077 laudarem
699 2026 846 2101 quoque
869 2005 952 2075 loco
977 2024 1136 2100 quorum
1161 2021 1210 2071 cx
1233 2000 1345 2072 libris

250 2110 316 2169 ant
342 2122 408 2191 ego
433 2098 671 2198 profecissem
697 2112 841 2184 autea,
867 2099 1081 2193 quaemihi
1106 2120 1172 2193 pro
1194 2095 1346 2168 consilii

140 2245 147 2262 ,
249 2197 327 2265 mei
358 2198 504 2270 ratione
535 2195 696 2270 breviter
728 2192 987 2272 tantummodo
1020 2191 1237 2285 attingenda
1261 2192 1345 2264 fue-

249 2303 348 2380 runt,
373 2295 520 2389 plenius
546 2294 716 2385 cognosci
741 2303 904 2390 possent.
942 2289 1018 2364 Sed
1041 2314 1157 2388 quum
1182 2290 1347 2386 plurima

250 2387 309 2460 his
336 2392 523 2486 proximis
549 2392 659 2462 annis
683 2392 726 2462 in
750 2391 821 2462 hoc
844 2411 975 2481 genere
999 2389 1136 2482 scripta
1161 2387 1248 2473 sint,
1281 2409 1347 2458 ne-

249 2567 252 2574 ,
280 2488 544 2584 uaquamhaec
559 2489 725 2559 omniaa
749 2511 810 2560 me
835 2487 929 2557 lecta
954 2509 1033 2559 esse
1057 2507 1136 2556 non
1161 2495 1217 2556 est
1241 2482 1347 2581 quod

251 2511 426 2657 diffitear.
476 2584 525 2658 m
549 2587 732 2657 nonnulla
756 2582 928 2682 quidem,
960 2604 1074 2680 quum
1099 2579 1211 2655 valde
1236 2603 1347 2677 cupe-

252 2703 331 2751 rem
363 2705 599 2774 cognoscere,
631 2707 709 2756 non
739 2695 867 2754 tamen
899 2680 1007 2777 potui
1039 2679 1225 2768 nancisci3
1256 2679 1346 2764 alia,

254 2800 368 2872 quum
401 2801 479 2851 non
511 2782 593 2854 sine
626 2781 800 2854 molestia
829 2799 872 2848 ac
896 2775 1108 2872 sumptibus
1133 2794 1348 2870 comparas-

252 2897 343 2963 sem,
368 2900 472 2974 spem
497 2897 619 2949 meam
647 2898 869 2972 magnopere
897 2873 1126 2958 fefellerunt3
1160 2892 1255 2969 quae
1285 2895 1347 2944 res

253 2974 453 3068 quominus
496 2997 579 3045 cum
615 2975 870 3071 poenitentiae
928 2971 1063 3043 ericulo
1096 2967 1143 3040 de
1175 2965 1347 3062 pluribus

238 3068 521 3168 'conquirendis
551 3070 759 3142 laborarem
789 3093 851 3142 me
910 3067 1070 3140 eterruit.
1120 3067 1179 3138 Ita
1203 3062 1347 3134 lactum

252 3177 309 3237 est
344 3167 447 3242 haud
478 3167 591 3240 dubie
622 3179 665 3239 ut
695 3165 878 3239 nonnulla
908 3165 1023 3238 etiam
1047 3163 1210 3234 melioris
1235 3171 1347 3231 notae

251 3269 606 3359 praetermitterem,
637 3267 745 3362 plura
769 3275 895 3337 tamen
921 3258 1107 3335 eiusmodi
1137 3281 1216 3330 esse
1246 3254 1347 3326 arbi-

253 3373 348 3451 tror,
384 3387 479 3462 quae
509 3365 700 3455 ignorasse
728 3363 884 3458 impune
916 3360 976 3434 sit.
1028 3357 1069 3426 si
1094 3351 1187 3448 quid
1217 3363 1347 3424 autem

252 3457 323 3530 hoc
355 3461 397 3531 in
428 3485 560 3554 genere
590 3459 686 3531 libro
718 3481 802 3530 meo
839 3457 959 3540 deest,
996 3448 1038 3563 id
1069 3447 1221 3563 abunde
1251 3449 1347 3522 Her·

252 3559 383 3630 manni
409 3558 537 3656 copiae
561 3557 732 3653 supplere
755 3562 940 3649 poterunt,
966 3570 1104 3643 qurppe
1129 3569 1194 3642 qur
1215 3568 1346 3618 omnes

251 3650 329 3724 fere
362 3656 476 3727 etiam
509 3653 751 3736 exilissimos,
769 3649 913 3723 libellos
948 3656 986 3717 et
1018 3644 1242 3718 iuvenilium
1269 3654 1347 3716 stu-

253 3747 402 3824 diorum
441 3750 648 3848 specimina
680 3765 969 3821 commcmorare
1005 3764 1082 3813 non
1123 3737 1346 3832 dedignatus

251 3846 311 3917 sit·
362 3848 488 3922 Unum
514 3867 606 3942 opus
631 3848 739 3938 longe
762 3838 1126 3942 praestantissimum
1148 3835 1348 3908 doleonon

250 3955 339 4015 ante
372 3945 581 4020 absolutam
614 3956 651 4016 et
683 3944 760 4012 iam
786 3941 894 4035 typis.
912 3936 1134 4029 descriptam
1162 3931 1346 4003 maiorem

247 4038 337 4110 libri
361 4055 503 4137 partem
531 4043 573 4112 in
603 4061 735 4112 manus
760 4057 863 4110 meas
877 4031 1099 4133 pervenisse,
1123 4031 1169 4104 H.
1183 4029 1225 4100 F.
1244 4027 1347 4102 Clin-

249 4140 332 4210 toni
356 4137 837 4214 FastorumHellenicorum
864 4145 1009 4204 tomum
1035 4130 1208 4224 primum,
1234 4146 1347 4221 quem

250 4236 401 4334 quidem
434 4237 476 4306 in
513 4257 557 4308 ea
588 4245 710 4333 parte,
748 4251 843 4327 quae
876 4239 932 4302 est
967 4222 1157 4316 degentis
1183 4224 1348 4333 Graecae

250 4334 448 4430 stirpibus,
479 4355 556 4404 non
591 4334 674 4406 sine
708 4329 961 4402 emolumento
996 4339 1173 4416 usurpare
1207 4329 1348 4414 poturs-

249 4455 338 4506 sem.
387 4431 515 4502 Etiam
541 4430 650 4536 Petri
669 4449 746 4502 van
770 4423 950 4514 Limburg
974 4417 1173 4490 Brouweri
1198 4413 1347 4500 librum,
