2814 5080
289 346 362 421 eoo
481 325 531 422 'u
554 343 615 417 ue
637 365 683 416 re
701 341 862 444 pastea
885 342 1186 418 econamum.

290 555 373 604 rum
405 523 523 600 multa
554 527 648 598 satis
670 521 883 624 'magnilica
913 526 1036 627 iisque
1067 523 1256 674 apuilrus
1278 529 1357 606 cele·

290 624 502 702 hrabantur
526 619 725 696 admodum
749 648 830 695 sum
860 623 971 696 tuom
1004 625 1122 697 eraut
1141 632 1178 724 ).
1204 625 1359 702 ..lllomn

293 719 584 797 ulia'veteribus
609 717 779 816 legibus,
805 649 881 792 alla
903 719 1109 818 postmodo
1132 723 1361 824 populiscitis

291 821 463 896 instituta
495 820 668 913 erant⁶):
702 820 741 890 et
765 818 875 890 erunt
898 821 937 889 in
962 821 1177 894 universum
1204 821 1293 895 haec
1314 849 1361 895 re·

292 921 462 994 centiora
485 910 679 989 veteribus
703 912 778 988 illis
802 917 926 1013 magis
951 913 1149 1012 splendido
1169 921 1208 992 et
1236 944 1294 991 mu
1319 923 1362 992 ui·
1395 945 1396 966 .

291 1014 425 1107 ficol).
474 1009 560 1085 Alia
594 1035 714 1180 porro
757 1013 869 1084 statis
907 1014 1109 1111 quotannis
1148 943 1363 1114 temporilms

293 1111 370 1187 alis
404 1113 516 1184 extra
547 1134 592 1182 or

619 1112 716 1182 inem
743 1111 858 1182 semel
883 1105 1047 1184 fiebant:
1079 1111 1155 1185 ulia
1188 1111 1365 1186 sacrificiis
1395 1113 1396 1172 l

291 1210 438 1284 tantum
465 1201 707 1298 constabant,
732 1203 817 1279 aliis
842 1208 954 1280 etiam
966 1230 1190 1307 pomparum
1205 1208 1363 1282 solemni·
1395 1205 1396 1294 Ξ

293 1307 394 1381 tutes
419 1301 667 1404 ludorumque
692 1304 731 1376 et
756 1304 1000 1376 certaminum
1024 1309 1129 1378 varia
1183 1331 1297 1379 encra
1312 1304 1364 1379 ad·
1395 1351 1396 1356 ,

291 1404 555 1493 iunctaerant,
579 1396 983 1491 velutl'anallreuaeis,
1009 1332 1242 1502 Thargcfiiis,
1269 1402 1364 1477 Eleu·
1395 1415 1396 1496 l

293 1503 412 1591 siniis,
435 1499 643 1597 Dionysiis,
667 1493 924 1580 Prometheis.'
942 1497 1205 1595 Hephaesteis‚
1224 1525 1366 1601 quemn
1395 1497 1396 1588 ἶ

295 1598 425 1698 quanti
458 1601 628 1693 sumplus
662 1592 815 1686 luerint,
841 1595 874 1667 si
899 1597 983 1694 quis
1008 1600 1147 1670 scenici
1172 1600 1365 1696 apparatus

292 1691 625 1793 magnificentiam,
664 1689 911 1783 saltatorum,
955 1700 1170 1786 cantorum,
1209 1696 1366 1767 actorum

293 1815 498 1891 eorumque
532 1791 596 1889 qui
632 1790 820 1890 gymnicis
868 1783 1014 1862 artibus
1058 1794 1240 1865 certaturi
1279 1795 1368 1866 erant

291 1888 597 1964 instruendorum
630 1893 669 1959 et
701 1884 1000 1960 exercendorum
1030 1891 1240 1986 impensas,
1299 1915 1368 1962 rue·

290 1989 366 2060 mia
391 1983 550 2085 denique
575 1979 785 2056 victoribus
798 1979 939 2055 tributa
954 1990 1185 2081 reputaverit
1198 1987 1244 2078 ⁸),
1273 1916 1367 2058 lacile

290 2085 484 2158 aestimari
513 2082 661 2181 potest,
692 2103 813 2178 neque
844 2082 954 2152 nimis
987 2106 1068 2154 rem
1095 2087 1229 2253 ausgari
1257 2111 1280 2156 a
1304 2084 1367 2156 lle·

291 2178 490 2254 mosthene
521 2175 779 2268 censebimus,
805 2202 916 2276 quum
942 2181 1107 2253 maiores
1150 2207 1214 2255 ere
1240 2185 1283 2255 in
1306 2182 1367 2252 Pa·

290 2277 504 2395 nathenaea
536 2282 600 2348 aut
625 2275 812 2369 Dionysia
844 2299 955 2392 quam
972 2278 1022 2393 'in
1047 2274 1205 2351 bellicas
1231 2280 1370 2379 quasvis

288 2369 1370 2643 lllllllllllllltlttitillatu?fil:

289 2571 366 2642 vati
397 2593 466 2666 per
499 2569 675 2666 liturgias
706 2563 972 2663 praestabant,
1012 2569 1117 2642 recte
1150 2577 1277 2644 tamen
1332 2593 1369 2639 oc

288 2669 424 2765 ipsum,
451 2689 563 2783 quum
588 2667 643 2737 rei
669 2660 843 2762 publicae
863 2663 1135 2783 praestaretur,
1163 2664 1369 2785 pnblicein·

290 2760 1368 2952 uu‘ul'uuuuu:⁰:251lllluusuuel0:

287 2983 386 3030 naea
410 2954 558 3056 quidem
584 2953 734 3054 Olymp.
759 2951 885 3045 XCII,
910 2957 933 3027 3
961 2953 1178 3030 athlethetis
1204 2984 1255 3032 ex
1271 2984 1367 3031 aera·

288 3057 348 3128 rio
373 3056 568 3126 Minervae
594 3054 756 3151 quinque
782 3050 928 3124 talenta
952 3079 1036 3126 cnm
1060 3052 1160 3128 mille
1177 3053 1370 3146 drachmis,

291 3197 485 3213 0-1...-

358 3258 389 3326 5)
412 3261 456 3316 V.
483 3279 507 3314 c.
534 3265 565 3314 in
592 3261 673 3331 pagis
699 3259 784 3312 eliam
811 3256 874 3310 ludi
894 3263 923 3312 et
940 3253 1067 3330 gymnici
1086 3263 1234 3328 el'musici
1252 3260 1370 3315 celebra·

287 3329 400 3384 huntur·
437 3333 505 3386 Vid.
532 3351 633 3384 comm.
657 3333 688 3382 in
712 3331 787 3385 Isae.
813 3341 841 3394 P·
865 3331 929 3384 ³87.
967 3332 1054 3403 (lurp.
1078 3332 1169 3384 lucer.
1198 3327 1247 3386 no.
1277 3335 1327 3390 1⁰8
1344 3344 1366 3395 P·

289 3404 349 3456 lou
384 3405 430 3456 De
453 3403 545 3474 epulis
573 3401 771 3460 communibus
793 3399 942 3456 tribulium
967 3409 997 3456 el
1019 3421 1199 3475 paganorum
1225 3405 1285 3464 vid.
1307 3402 1365 3459 iuir.

289 3471 314 3540 ς.
333 3465 377 3541 lo,
395 3476 438 3529 la

359 3577 392 3649 6)
419 3581 487 3634 Vid.
505 3581 643 3652 Harpocr·
675 3599 698 3633 s.
718 3599 747 3632 v·
764 3575 891 3637 lausum
905 3577 998 3654 ἑορτάς.
1037 3581 1106 3635 Lex.
1127 3583 1251 3652 Seguer.
1267 3601 1296 3652 p.
1313 3578 1362 3633 use

287 3652 428 3706 Mirifieus
451 3660 493 3706 est
510 3655 618 3706 Bromii
638 3671 731 3716 error,
763 3655 813 3724 qui
832 3650 868 3703 ad
886 3652 954 3722 Lyn.
972 3653 1004 3704 iu
1022 3653 1136 3707 Nicom.
1157 3651 1183 3724 ᾗ.
1203 3658 1239 3709 20
1257 3653 1364 3706 solone

287 3723 401 3794 legibus
419 3725 476 3778 trie
492 3743 551 3780 nou
569 3723 690 3794 amplius
708 3721 819 3776 talenta
836 3726 939 3777 annuis
957 3725 1105 3778 sacrificiis
1124 3726 1268 3780 destinate
1286 3723 1363 3776 inisse

288 3813 307 3850 ο
322 3795 428 3868 lapsine
452 3795 518 3851 loco
545 3795 620 3850 mule
647 3791 794 3848 intellecto
819 3793 939 3864 colligit.
974 3795 1081 3866 Neque
1105 3804 1202 3851 lamen
1226 3794 1361 3851 flocelli·

289 3870 444 3936 mentior,
475 3871 524 3941 qui
548 3868 583 3921 de
608 3886 668 3924 uec.
690 3869 727 3924 A.
748 3867 763 3919 l
789 3878 816 3932 p.
835 3867 889 3921 227
916 3867 972 3920 triu
995 3866 1048 3920 illa
1066 3869 1177 3924 talenta
1195 3873 1246 3924 uni
1263 3868 1361 3922 cuida-

285 3938 363 3996 feslu
380 3939 523 3995 deultum
540 3946 647 3994 censet.

285 4043 527 4184 lplgoegsocrsl.
545 4048 652 4118 Areop.
671 4062 696 4100 ο.
716 4044 760 4101 ll.
789 4045 943 4114 Bergium.
963 4063 1063 4100 comm.
1076 4061 1105 4114 p.
1120 4047 1173 4102 116
1182 4065 1227 4121 sq.
1244 4039 1363 4100 Bueclrlr.

351 4222 385 4294 8)
404 4226 449 4280 Gi.
469 4223 601 4298 exemplu
619 4223 696 4295 apud
713 4223 891 4288 Boecklriruu
911 4237 937 4295 Ρ.
956 4225 1010 4282 1³2
1028 4231 1059 4279 el
1077 4225 1139 4281 Μ

349 4326 387 4399 u)
401 4330 550 4387 ueneni.
568 4331 693 4405 Philipp·
712 4335 727 4386 l
745 4345 774 4400 p.
791 4334 836 4402 5⁰,
854 4333 879 4387 3·
