<?xml version="1.0" encoding="UTF-8"?>
<!DOCTYPE html PUBLIC "-//W3C//DTD XHTML 1.0 Transitional//EN"
    "http://www.w3.org/TR/xhtml1/DTD/xhtml1-transitional.dtd">
<html xmlns="http://www.w3.org/1999/xhtml" xml:lang="en" lang="en">
 <head>
  <title>
</title>
<meta http-equiv="Content-Type" content="text/html;charset=utf-8" />
  <meta name='ocr-system' content='tesseract 3.04.00' />
  <meta name='ocr-capabilities' content='ocr_page ocr_carea ocr_par ocr_line ocrx_word'/>
</head>
<body>
  <div class='ocr_page' id='page_1' title='image "./antiquitatesiur00schogoog_0242.png"; bbox 0 0 2822 5082; ppageno 0'>
   <div class='ocr_carea' id='block_1_1' title="bbox 413 325 1120 434">
    <p class='ocr_par' dir='ltr' id='par_1_1' title="bbox 413 325 1120 434">
     <span class='ocr_line' id='line_1_1' title="bbox 413 325 1120 434; baseline -0.007 0"><span class='ocrx_word' id='word_1_1' title='bbox 413 367 446 434; x_wconf 81' lang='grc'><strong>4.</strong></span> <span class='ocrx_word' id='word_1_2' title='bbox 471 359 531 432; x_wconf 86' lang='lat' dir='ltr'><strong>Do</strong></span> <span class='ocrx_word' id='word_1_3' title='bbox 554 325 730 433; x_wconf 63' lang='lat' dir='ltr'><strong>concitate.</strong></span> <span class='ocrx_word' id='word_1_4' title='bbox 1046 358 1120 430; x_wconf 88' lang='grc'><strong>229</strong></span> 
     </span>
    </p>
   </div>
   <div class='ocr_carea' id='block_1_2' title="bbox 1 541 1119 1419">
    <p class='ocr_par' dir='ltr' id='par_1_2' title="bbox 1 541 1119 1419">
     <span class='ocr_line' id='line_1_2' title="bbox 38 541 1117 711; baseline -0.008 -93"><span class='ocrx_word' id='word_1_5' title='bbox 38 545 232 640; x_wconf 71' lang='lat' dir='ltr'><strong>legitimam</strong></span> <span class='ocrx_word' id='word_1_6' title='bbox 257 541 385 711; x_wconf 61' lang='lat' dir='ltr'><strong>lepram</strong></span> <span class='ocrx_word' id='word_1_7' title='bbox 411 566 628 635; x_wconf 90' lang='lat' dir='ltr'><strong>censuram,</strong></span> <span class='ocrx_word' id='word_1_8' title='bbox 663 569 758 642; x_wconf 90' lang='lat' dir='ltr'><strong>quae</strong></span> <span class='ocrx_word' id='word_1_9' title='bbox 782 544 937 640; x_wconf 90' lang='lat' dir='ltr'><strong>proprie</strong></span> <span class='ocrx_word' id='word_1_10' title='bbox 963 543 1117 632; x_wconf 74' lang='lat' dir='ltr'><strong>tnqopo-</strong></span> 
     </span>
     <span class='ocr_line' id='line_1_3' title="bbox 39 643 1117 739; baseline -0.001 -29"><span class='ocrx_word' id='word_1_11' title='bbox 39 650 123 710; x_wconf 76' lang='lat' dir='ltr'><strong>eovta</strong></span> <span class='ocrx_word' id='word_1_12' title='bbox 145 647 256 728; x_wconf 75' lang='grc' dir='ltr'><strong><em>νόμων</em></strong></span> <span class='ocrx_word' id='word_1_13' title='bbox 305 643 436 730; x_wconf 91' lang='lat' dir='ltr'><strong>icitur,</strong></span> <span class='ocrx_word' id='word_1_14' title='bbox 469 665 735 739; x_wconf 82' lang='lat' dir='ltr'>nonnunquam</span> <span class='ocrx_word' id='word_1_15' title='bbox 766 643 876 712; x_wconf 89' lang='lat' dir='ltr'><strong>etiam</strong></span> <span class='ocrx_word' id='word_1_16' title='bbox 911 645 1022 714; x_wconf 86' lang='lat' dir='ltr'><strong>extra</strong></span> <span class='ocrx_word' id='word_1_17' title='bbox 1056 663 1117 710; x_wconf 89' lang='lat' dir='ltr'><strong>or·</strong></span> 
     </span>
     <span class='ocr_line' id='line_1_4' title="bbox 36 735 1117 835; baseline -0.001 -27"><span class='ocrx_word' id='word_1_18' title='bbox 36 737 148 809; x_wconf 90' lang='lat' dir='ltr'><strong>dinem</strong></span> <span class='ocrx_word' id='word_1_19' title='bbox 174 741 206 810; x_wconf 93' lang='lat' dir='ltr'><strong>si</strong></span> <span class='ocrx_word' id='word_1_20' title='bbox 232 761 297 809; x_wconf 89' lang='lat' dir='ltr'><strong>res</strong></span> <span class='ocrx_word' id='word_1_21' title='bbox 322 738 502 835; x_wconf 87' lang='lat' dir='ltr'><strong>posceret</strong></span> <span class='ocrx_word' id='word_1_22' title='bbox 525 736 766 812; x_wconf 86' lang='lat' dir='ltr'><strong>nomothetas</strong></span> <span class='ocrx_word' id='word_1_23' title='bbox 799 763 821 808; x_wconf 93' lang='lat' dir='ltr'><strong>a</strong></span> <span class='ocrx_word' id='word_1_24' title='bbox 851 735 992 834; x_wconf 94' lang='lat' dir='ltr'><strong>populo</strong></span> <span class='ocrx_word' id='word_1_25' title='bbox 1027 760 1117 808; x_wconf 89' lang='lat' dir='ltr'><strong>eon-</strong></span> 
     </span>
     <span class='ocr_line' id='line_1_5' title="bbox 35 829 1119 932; baseline -0.005 -24"><span class='ocrx_word' id='word_1_26' title='bbox 35 836 181 908; x_wconf 89' lang='lat' dir='ltr'><strong>stitutos</strong></span> <span class='ocrx_word' id='word_1_27' title='bbox 215 831 451 932; x_wconf 81' lang='lat' dir='ltr'><strong>legimus¹¹):</strong></span> <span class='ocrx_word' id='word_1_28' title='bbox 491 859 536 906; x_wconf 86' lang='lat' dir='ltr'><strong>ac</strong></span> <span class='ocrx_word' id='word_1_29' title='bbox 568 837 736 932; x_wconf 88' lang='lat' dir='ltr'><strong>posteris</strong></span> <span class='ocrx_word' id='word_1_30' title='bbox 767 835 1021 932; x_wconf 76' lang='lat' dir='ltr'><strong>temporibus,</strong></span> <span class='ocrx_word' id='word_1_31' title='bbox 1052 829 1119 904; x_wconf 94' lang='lat' dir='ltr'><strong>ubi</strong></span> 
     </span>
     <span class='ocr_line' id='line_1_6' title="bbox 33 929 1117 1030; baseline -0.004 -26"><span class='ocrx_word' id='word_1_32' title='bbox 33 931 183 1005; x_wconf 88' lang='lat' dir='ltr'><strong>libertas</strong></span> <span class='ocrx_word' id='word_1_33' title='bbox 208 931 400 1030; x_wconf 79' lang='lat' dir='ltr'><strong>paullatim</strong></span> <span class='ocrx_word' id='word_1_34' title='bbox 424 935 461 1004; x_wconf 96' lang='lat' dir='ltr'><strong>in</strong></span> <span class='ocrx_word' id='word_1_35' title='bbox 488 929 674 1006; x_wconf 90' lang='lat' dir='ltr'><strong>licentiam</strong></span> <span class='ocrx_word' id='word_1_36' title='bbox 711 931 757 1005; x_wconf 91' lang='lat' dir='ltr'><strong>de</strong></span> <span class='ocrx_word' id='word_1_37' title='bbox 789 935 976 1024; x_wconf 85' lang='lat' dir='ltr'><strong>oneravit,</strong></span> <span class='ocrx_word' id='word_1_38' title='bbox 1007 933 1117 1002; x_wconf 92' lang='lat' dir='ltr'><strong>nimis</strong></span> 
     </span>
     <span class='ocr_line' id='line_1_7' title="bbox 1 957 1119 1130; baseline -0.004 -28"><span class='ocrx_word' id='word_1_39' title='bbox 1 1062 3 1076; x_wconf 93' lang='lat'><em>·</em></span> <span class='ocrx_word' id='word_1_40' title='bbox 33 1055 138 1128; x_wconf 87' lang='lat' dir='ltr'><strong>saepe</strong></span> <span class='ocrx_word' id='word_1_41' title='bbox 163 1025 271 1128; x_wconf 82' lang='lat' dir='ltr'><strong>leges</strong></span> <span class='ocrx_word' id='word_1_42' title='bbox 296 1055 372 1103; x_wconf 94' lang='lat' dir='ltr'><strong>non</strong></span> <span class='ocrx_word' id='word_1_43' title='bbox 399 1025 509 1104; x_wconf 82' lang='lat' dir='ltr'><strong>allter</strong></span> <span class='ocrx_word' id='word_1_44' title='bbox 533 1055 641 1128; x_wconf 87' lang='lat' dir='ltr'><strong>quarn</strong></span> <span class='ocrx_word' id='word_1_45' title='bbox 667 957 924 1130; x_wconf 62' lang='lat' dir='ltr'><strong>pscpbismata</strong></span> <span class='ocrx_word' id='word_1_46' title='bbox 958 1032 995 1100; x_wconf 90' lang='lat' dir='ltr'><strong>et</strong></span> <span class='ocrx_word' id='word_1_47' title='bbox 1026 1025 1119 1099; x_wconf 85' lang='lat' dir='ltr'><strong>ferri</strong></span> 
     </span>
     <span class='ocr_line' id='line_1_8' title="bbox 32 1125 1117 1227; baseline -0.003 -29"><span class='ocrx_word' id='word_1_48' title='bbox 32 1131 158 1226; x_wconf 83' lang='lat' dir='ltr'><strong>quovis</strong></span> <span class='ocrx_word' id='word_1_49' title='bbox 190 1133 361 1226; x_wconf 91' lang='lat' dir='ltr'><strong>tempore</strong></span> <span class='ocrx_word' id='word_1_50' title='bbox 393 1125 439 1200; x_wconf 78' lang='lat' dir='ltr'><strong>ael</strong></span> <span class='ocrx_word' id='word_1_51' title='bbox 470 1125 651 1227; x_wconf 92' lang='lat' dir='ltr'><strong>populum</strong></span> <span class='ocrx_word' id='word_1_52' title='bbox 684 1131 724 1202; x_wconf 90' lang='lat' dir='ltr'><strong>et</strong></span> <span class='ocrx_word' id='word_1_53' title='bbox 756 1129 875 1224; x_wconf 82' lang='lat' dir='ltr'><strong>arcipi</strong></span> <span class='ocrx_word' id='word_1_54' title='bbox 914 1152 937 1198; x_wconf 90' lang='lat' dir='ltr'><strong>a</strong></span> <span class='ocrx_word' id='word_1_55' title='bbox 974 1125 1117 1223; x_wconf 94' lang='lat' dir='ltr'><strong>populo</strong></span> 
     </span>
     <span class='ocr_line' id='line_1_9' title="bbox 1 1221 1118 1320; baseline -0.002 -25"><span class='ocrx_word' id='word_1_56' title='bbox 1 1285 2 1320; x_wconf 64' lang='lat'>3</span> <span class='ocrx_word' id='word_1_57' title='bbox 33 1229 63 1296; x_wconf 94' lang='lat' dir='ltr'><strong>in</strong></span> <span class='ocrx_word' id='word_1_58' title='bbox 101 1227 263 1299; x_wconf 89' lang='lat' dir='ltr'><strong>comitiis</strong></span> <span class='ocrx_word' id='word_1_59' title='bbox 298 1221 501 1320; x_wconf 85' lang='lat' dir='ltr'><strong>solebant,</strong></span> <span class='ocrx_word' id='word_1_60' title='bbox 539 1222 643 1298; x_wconf 91' lang='lat' dir='ltr'><strong>nulla</strong></span> <span class='ocrx_word' id='word_1_61' title='bbox 679 1223 981 1298; x_wconf 76' lang='lat' dir='ltr'><strong>nomotlr&#39;etarum</strong></span> <span class='ocrx_word' id='word_1_62' title='bbox 1016 1247 1118 1294; x_wconf 85' lang='lat' dir='ltr'><strong>men·</strong></span> 
     </span>
     <span class='ocr_line' id='line_1_10' title="bbox 1 1323 207 1419; baseline 0.058 -31"><span class='ocrx_word' id='word_1_63' title='bbox 1 1380 2 1388; x_wconf 71' lang='grc'>,</span> <span class='ocrx_word' id='word_1_64' title='bbox 33 1325 130 1396; x_wconf 86' lang='lat' dir='ltr'><strong>ttone</strong></span> <span class='ocrx_word' id='word_1_65' title='bbox 145 1323 207 1419; x_wconf 87' lang='lat'><strong>¹²).</strong></span> 
     </span>
    </p>
   </div>
   <div class='ocr_carea' id='block_1_3' title="bbox 449 1453 698 1540">
    <p class='ocr_par' dir='ltr' id='par_1_3' title="bbox 449 1453 698 1540">
     <span class='ocr_line' id='line_1_11' title="bbox 449 1453 698 1540; baseline 0 -12"><span class='ocrx_word' id='word_1_66' title='bbox 449 1459 483 1540; x_wconf 58' lang='grc' dir='ltr'><strong>ᾗ.</strong></span> <span class='ocrx_word' id='word_1_67' title='bbox 508 1453 698 1528; x_wconf 83' lang='lat' dir='ltr'><strong>XXXIII.</strong></span> 
     </span>
    </p>
   </div>
   <div class='ocr_carea' id='block_1_4' title="bbox 1 1586 1216 3341">
    <p class='ocr_par' dir='ltr' id='par_1_4' title="bbox 1 1586 1216 3341">
     <span class='ocr_line' id='line_1_12' title="bbox 1 1586 1118 1689; baseline -0.006 -28"><span class='ocrx_word' id='word_1_68' title='bbox 1 1679 2 1684; x_wconf 6' lang='grc' dir='ltr'><strong>Ἰ</strong></span> <span class='ocrx_word' id='word_1_69' title='bbox 119 1588 185 1660; x_wconf 84' lang='lat' dir='ltr'><strong>Ma</strong></span> <span class='ocrx_word' id='word_1_70' title='bbox 218 1586 373 1660; x_wconf 85' lang='lat' dir='ltr'><strong>istratus</strong></span> <span class='ocrx_word' id='word_1_71' title='bbox 400 1592 438 1662; x_wconf 86' lang='lat' dir='ltr'><strong>et</strong></span> <span class='ocrx_word' id='word_1_72' title='bbox 463 1586 630 1662; x_wconf 81' lang='lat' dir='ltr'>honores</span> <span class='ocrx_word' id='word_1_73' title='bbox 656 1611 769 1689; x_wconf 87' lang='lat' dir='ltr'><strong>quum</strong></span> <span class='ocrx_word' id='word_1_74' title='bbox 795 1587 883 1662; x_wconf 90' lang='lat' dir='ltr'><strong>olim</strong></span> <span class='ocrx_word' id='word_1_75' title='bbox 902 1609 1032 1660; x_wconf 90' lang='lat' dir='ltr'><strong>omnes</strong></span> <span class='ocrx_word' id='word_1_76' title='bbox 1050 1607 1118 1680; x_wconf 90' lang='lat' dir='ltr'><strong>po·</strong></span> 
     </span>
     <span class='ocr_line' id='line_1_13' title="bbox 30 1679 1125 1783; baseline -0.005 -26"><span class='ocrx_word' id='word_1_77' title='bbox 30 1681 145 1783; x_wconf 91' lang='lat' dir='ltr'><strong>pulis</strong></span> <span class='ocrx_word' id='word_1_78' title='bbox 203 1688 319 1782; x_wconf 82' lang='lat' dir='ltr'><strong>regiis</strong></span> <span class='ocrx_word' id='word_1_79' title='bbox 350 1683 637 1777; x_wconf 89' lang='lat' dir='ltr'><strong>mandarentur,</strong></span> <span class='ocrx_word' id='word_1_80' title='bbox 671 1712 762 1760; x_wconf 87' lang='lat' dir='ltr'><strong>mox</strong></span> <span class='ocrx_word' id='word_1_81' title='bbox 788 1712 811 1759; x_wconf 89' lang='lat' dir='ltr'><strong>a</strong></span> <span class='ocrx_word' id='word_1_82' title='bbox 837 1683 1042 1773; x_wconf 83' lang='lat' dir='ltr'><strong>Clistlrene,</strong></span> <span class='ocrx_word' id='word_1_83' title='bbox 1074 1679 1125 1752; x_wconf 80' lang='lat' dir='ltr'><strong>ut&#39;</strong></span> 
     </span>
     <span class='ocr_line' id='line_1_14' title="bbox 1 1780 1117 1883; baseline -0.005 -29"><span class='ocrx_word' id='word_1_84' title='bbox 1 1873 2 1878; x_wconf 5' lang='grc' dir='ltr'>ἵ</span> <span class='ocrx_word' id='word_1_85' title='bbox 30 1780 172 1856; x_wconf 82' lang='lat' dir='ltr'><strong>ridetur</strong></span> <span class='ocrx_word' id='word_1_86' title='bbox 186 1784 231 1874; x_wconf 86' lang='lat'><strong>¹),</strong></span> <span class='ocrx_word' id='word_1_87' title='bbox 264 1784 474 1856; x_wconf 88' lang='lat' dir='ltr'><strong>institutum</strong></span> <span class='ocrx_word' id='word_1_88' title='bbox 501 1792 626 1858; x_wconf 86' lang='lat' dir='ltr'><strong>estut</strong></span> <span class='ocrx_word' id='word_1_89' title='bbox 658 1783 807 1883; x_wconf 91' lang='lat' dir='ltr'><strong>plurimi</strong></span> <span class='ocrx_word' id='word_1_90' title='bbox 840 1783 978 1856; x_wconf 86' lang='lat' dir='ltr'><strong>sortito</strong></span> <span class='ocrx_word' id='word_1_91' title='bbox 1006 1801 1117 1874; x_wconf 89' lang='lat' dir='ltr'><strong>cape·</strong></span> 
     </span>
     <span class='ocr_line' id='line_1_15' title="bbox 1 1873 1118 1980; baseline -0.005 -26"><span class='ocrx_word' id='word_1_92' title='bbox 1 1882 168 1972; x_wconf 86' lang='lat' dir='ltr'><strong>rentur,</strong></span> <span class='ocrx_word' id='word_1_93' title='bbox 193 1906 269 1980; x_wconf 92' lang='lat' dir='ltr'><strong>quo</strong></span> <span class='ocrx_word' id='word_1_94' title='bbox 294 1885 417 1952; x_wconf 91' lang='lat' dir='ltr'><strong>minus</strong></span> <span class='ocrx_word' id='word_1_95' title='bbox 437 1880 587 1954; x_wconf 84' lang='lat' dir='ltr'><strong>scilieet</strong></span> <span class='ocrx_word' id='word_1_96' title='bbox 620 1907 714 1980; x_wconf 90' lang='lat' dir='ltr'><strong>opes</strong></span> <span class='ocrx_word' id='word_1_97' title='bbox 746 1891 811 1954; x_wconf 92' lang='lat' dir='ltr'><strong>aut</strong></span> <span class='ocrx_word' id='word_1_98' title='bbox 842 1873 996 1952; x_wconf 89' lang='lat' dir='ltr'><strong>ambitio</strong></span> <span class='ocrx_word' id='word_1_99' title='bbox 1028 1875 1118 1948; x_wconf 80' lang='lat' dir='ltr'><strong>iuris</strong></span> 
     </span>
     <span class='ocr_line' id='line_1_16' title="bbox 1 1967 1118 2078; baseline -0.009 -28"><span class='ocrx_word' id='word_1_100' title='bbox 1 2071 2 2074; x_wconf 8' lang='grc' dir='ltr'><strong>Ἴ</strong></span> <span class='ocrx_word' id='word_1_101' title='bbox 31 1975 283 2078; x_wconf 87' lang='lat' dir='ltr'><strong>aequabilitati</strong></span> <span class='ocrx_word' id='word_1_102' title='bbox 298 1976 455 2052; x_wconf 84' lang='lat' dir='ltr'><strong>ollicere</strong></span> <span class='ocrx_word' id='word_1_103' title='bbox 471 1982 643 2076; x_wconf 86' lang='lat' dir='ltr'><strong>possent.</strong></span> <span class='ocrx_word' id='word_1_104' title='bbox 680 1975 865 2052; x_wconf 87' lang='lat' dir='ltr'><strong>Manebat</strong></span> <span class='ocrx_word' id='word_1_105' title='bbox 889 1979 1013 2054; x_wconf 82' lang='lat' dir='ltr'><strong>temen</strong></span> <span class='ocrx_word' id='word_1_106' title='bbox 1040 1967 1118 2042; x_wconf 89' lang='lat' dir='ltr'><strong>sul-</strong></span> 
     </span>
     <span class='ocr_line' id='line_1_17' title="bbox 1 2072 1119 2173; baseline -0.009 -26"><span class='ocrx_word' id='word_1_107' title='bbox 1 2089 2 2109; x_wconf 74' lang='lat'><em>³</em></span> <span class='ocrx_word' id='word_1_108' title='bbox 29 2073 138 2172; x_wconf 82' lang='lat' dir='ltr'><strong>Iragii</strong></span> <span class='ocrx_word' id='word_1_109' title='bbox 163 2072 255 2148; x_wconf 88' lang='lat' dir='ltr'><strong>latio</strong></span> <span class='ocrx_word' id='word_1_110' title='bbox 280 2078 320 2148; x_wconf 92' lang='lat' dir='ltr'><strong>in</strong></span> <span class='ocrx_word' id='word_1_111' title='bbox 343 2079 389 2152; x_wconf 90' lang='lat' dir='ltr'><strong>iis</strong></span> <span class='ocrx_word' id='word_1_112' title='bbox 404 2077 451 2173; x_wconf 82' lang='lat'><strong>²),</strong></span> <span class='ocrx_word' id='word_1_113' title='bbox 504 2080 540 2148; x_wconf 93' lang='lat' dir='ltr'><strong>ui</strong></span> <span class='ocrx_word' id='word_1_114' title='bbox 566 2079 632 2150; x_wconf 89' lang='lat' dir='ltr'><strong>aut</strong></span> <span class='ocrx_word' id='word_1_115' title='bbox 656 2079 834 2150; x_wconf 90' lang='lat' dir='ltr'><strong>maiorem</strong></span> <span class='ocrx_word' id='word_1_116' title='bbox 861 2097 986 2148; x_wconf 85' lang='lat' dir='ltr'><strong>rerum</strong></span> <span class='ocrx_word' id='word_1_117' title='bbox 1010 2091 1119 2142; x_wconf 91' lang='lat' dir='ltr'><strong>usum</strong></span> 
     </span>
     <span class='ocr_line' id='line_1_18' title="bbox 30 2103 1119 2273; baseline -0.009 -27"><span class='ocrx_word' id='word_1_118' title='bbox 30 2174 275 2273; x_wconf 75' lang='lat' dir='ltr'><strong>peritiamque</strong></span> <span class='ocrx_word' id='word_1_119' title='bbox 316 2199 393 2246; x_wconf 93' lang='lat' dir='ltr'><strong>non</strong></span> <span class='ocrx_word' id='word_1_120' title='bbox 427 2103 581 2248; x_wconf 85' lang='lat' dir='ltr'><strong>cullibet</strong></span> <span class='ocrx_word' id='word_1_121' title='bbox 623 2169 783 2264; x_wconf 89' lang='lat' dir='ltr'><strong>obviam,</strong></span> <span class='ocrx_word' id='word_1_122' title='bbox 816 2179 880 2246; x_wconf 91' lang='lat' dir='ltr'><strong>ant</strong></span> <span class='ocrx_word' id='word_1_123' title='bbox 911 2168 1119 2268; x_wconf 88' lang='lat' dir='ltr'><strong>spectatam</strong></span> 
     </span>
     <span class='ocr_line' id='line_1_19' title="bbox 30 2267 1121 2370; baseline -0.009 -28"><span class='ocrx_word' id='word_1_124' title='bbox 30 2269 168 2368; x_wconf 93' lang='lat' dir='ltr'><strong>populo</strong></span> <span class='ocrx_word' id='word_1_125' title='bbox 193 2267 305 2342; x_wconf 87' lang='lat' dir='ltr'><strong>Iidem</strong></span> <span class='ocrx_word' id='word_1_126' title='bbox 329 2274 532 2370; x_wconf 88' lang='lat' dir='ltr'><strong>praecipue</strong></span> <span class='ocrx_word' id='word_1_127' title='bbox 559 2270 824 2370; x_wconf 74' lang='lat' dir='ltr'><strong>postulabant,</strong></span> <span class='ocrx_word' id='word_1_128' title='bbox 859 2273 988 2368; x_wconf 89' lang='lat' dir='ltr'><strong>quates</strong></span> <span class='ocrx_word' id='word_1_129' title='bbox 1013 2270 1121 2337; x_wconf 90' lang='lat' dir='ltr'><strong>erant</strong></span> 
     </span>
     <span class='ocr_line' id='line_1_20' title="bbox 33 2362 1120 2466; baseline -0.009 -27"><span class='ocrx_word' id='word_1_130' title='bbox 33 2393 61 2439; x_wconf 86' lang='lat' dir='ltr'><strong>c.</strong></span> <span class='ocrx_word' id='word_1_131' title='bbox 88 2393 121 2440; x_wconf 89' lang='lat' dir='ltr'><strong>e.</strong></span> <span class='ocrx_word' id='word_1_132' title='bbox 156 2365 418 2466; x_wconf 80' lang='lat' dir='ltr'><strong>praefecturae</strong></span> <span class='ocrx_word' id='word_1_133' title='bbox 456 2368 666 2463; x_wconf 81' lang='lat' dir='ltr'><strong>militares,</strong></span> <span class='ocrx_word' id='word_1_134' title='bbox 699 2371 839 2442; x_wconf 89' lang='lat' dir='ltr'><strong>aerarii</strong></span> <span class='ocrx_word' id='word_1_135' title='bbox 872 2365 929 2438; x_wconf 88' lang='lat' dir='ltr'><strong>dis</strong></span> <span class='ocrx_word' id='word_1_136' title='bbox 959 2362 1120 2449; x_wconf 80' lang='lat' dir='ltr'><strong>ansollo,</strong></span> 
     </span>
     <span class='ocr_line' id='line_1_21' title="bbox 1 2392 1119 2567; baseline -0.007 -32"><span class='ocrx_word' id='word_1_137' title='bbox 1 2462 281 2546; x_wconf 69' lang='lat' dir='ltr'><strong>ftbeoricorum</strong></span> <span class='ocrx_word' id='word_1_138' title='bbox 315 2491 408 2539; x_wconf 89' lang='lat' dir='ltr'><strong>cura</strong></span> <span class='ocrx_word' id='word_1_139' title='bbox 438 2465 533 2540; x_wconf 89' lang='lat' dir='ltr'><strong>aliae</strong></span> <span class='ocrx_word' id='word_1_140' title='bbox 562 2493 608 2540; x_wconf 90' lang='lat' dir='ltr'><strong>ue</strong></span> <span class='ocrx_word' id='word_1_141' title='bbox 631 2469 815 2567; x_wconf 89' lang='lat' dir='ltr'><strong>pecuniae</strong></span> <span class='ocrx_word' id='word_1_142' title='bbox 846 2392 1020 2564; x_wconf 81' lang='lat' dir='ltr'><strong>publicae</strong></span> <span class='ocrx_word' id='word_1_143' title='bbox 1052 2453 1119 2528; x_wconf 84' lang='lat' dir='ltr'><strong>ad·</strong></span> 
     </span>
     <span class='ocr_line' id='line_1_22' title="bbox 1 2495 1118 2662; baseline -0.008 -28"><span class='ocrx_word' id='word_1_144' title='bbox 1 2551 3 2601; x_wconf 66' lang='lat' dir='ltr'><strong>t</strong></span> <span class='ocrx_word' id='word_1_145' title='bbox 29 2565 332 2654; x_wconf 85' lang='lat' dir='ltr'><strong>ministrationes,</strong></span> <span class='ocrx_word' id='word_1_146' title='bbox 345 2563 520 2662; x_wconf 87' lang='lat' dir='ltr'><strong>publicae</strong></span> <span class='ocrx_word' id='word_1_147' title='bbox 536 2495 760 2662; x_wconf 86' lang='lat' dir='ltr'><strong>llisciplinae</strong></span> <span class='ocrx_word' id='word_1_148' title='bbox 778 2565 910 2651; x_wconf 88' lang='lat' dir='ltr'><strong>rectio,</strong></span> <span class='ocrx_word' id='word_1_149' title='bbox 936 2559 1118 2632; x_wconf 81' lang='lat' dir='ltr'><strong>festorum</strong></span> 
     </span>
     <span class='ocr_line' id='line_1_23' title="bbox 32 2652 1216 2760; baseline -0.003 -28"><span class='ocrx_word' id='word_1_150' title='bbox 32 2659 249 2732; x_wconf 82' lang='lat' dir='ltr'><strong>solemnium</strong></span> <span class='ocrx_word' id='word_1_151' title='bbox 274 2665 506 2758; x_wconf 85' lang='lat' dir='ltr'><strong>procuratio,</strong></span> <span class='ocrx_word' id='word_1_152' title='bbox 531 2686 651 2760; x_wconf 92' lang='lat' dir='ltr'><strong>porro</strong></span> <span class='ocrx_word' id='word_1_153' title='bbox 677 2686 773 2760; x_wconf 88' lang='lat' dir='ltr'><strong>quae</strong></span> <span class='ocrx_word' id='word_1_154' title='bbox 806 2663 917 2733; x_wconf 83' lang='lat' dir='ltr'><strong>extra</strong></span> <span class='ocrx_word' id='word_1_155' title='bbox 950 2652 1120 2727; x_wconf 86' lang='lat' dir='ltr'><strong>ordinem</strong></span> <span class='ocrx_word' id='word_1_156' title='bbox 1208 2717 1216 2728; x_wconf 67' lang='grc'>,</span> 
     </span>
     <span class='ocr_line' id='line_1_24' title="bbox 30 2753 1119 2856; baseline -0.005 -28"><span class='ocrx_word' id='word_1_157' title='bbox 30 2754 301 2830; x_wconf 83' lang='lat' dir='ltr'><strong>mandabantur</strong></span> <span class='ocrx_word' id='word_1_158' title='bbox 345 2783 501 2856; x_wconf 91' lang='lat' dir='ltr'><strong>operum</strong></span> <span class='ocrx_word' id='word_1_159' title='bbox 542 2753 779 2856; x_wconf 91' lang='lat' dir='ltr'><strong>publicorum</strong></span> <span class='ocrx_word' id='word_1_160' title='bbox 818 2757 1047 2842; x_wconf 83' lang='lat' dir='ltr'><strong>curationes,</strong></span> <span class='ocrx_word' id='word_1_161' title='bbox 1073 2789 1119 2803; x_wconf 92' lang='lat'>-</span> 
     </span>
     <span class='ocr_line' id='line_1_25' title="bbox 30 2848 1119 3022; baseline -0.009 -96"><span class='ocrx_word' id='word_1_162' title='bbox 30 2880 250 2972; x_wconf 73' lang='lat' dir='ltr'><strong>quamquam</strong></span> <span class='ocrx_word' id='word_1_163' title='bbox 261 2851 307 3022; x_wconf 75' lang='lat' dir='ltr'><strong>dp</strong></span> <span class='ocrx_word' id='word_1_164' title='bbox 324 2851 379 2928; x_wconf 92' lang='lat' dir='ltr'><strong>bis</strong></span> <span class='ocrx_word' id='word_1_165' title='bbox 395 2848 1119 2974; x_wconf 61' lang='lat' dir='ltr'><strong>suffragiumplerumquetribuumcon-</strong></span> 
     </span>
     <span class='ocr_line' id='line_1_26' title="bbox 31 2949 1121 3156; baseline -0.009 -36"><span class='ocrx_word' id='word_1_166' title='bbox 31 2949 1121 3156; x_wconf 57' lang='lat' dir='ltr'><strong>tlltttttl.lltgllll{llllff‘enlllttllltt.tl.</strong></span> 
     </span>
     <span class='ocr_line' id='line_1_27' title="bbox 34 3143 1146 3246; baseline -0.012 -28"><span class='ocrx_word' id='word_1_167' title='bbox 34 3143 281 3220; x_wconf 88' lang='lat' dir='ltr'><strong>creandorum</strong></span> <span class='ocrx_word' id='word_1_168' title='bbox 307 3147 506 3239; x_wconf 73' lang='grc' dir='ltr'><strong><em>ἄρχαιρεσίαι</em></strong></span> <span class='ocrx_word' id='word_1_169' title='bbox 529 3145 715 3219; x_wconf 84' lang='lat' dir='ltr'><strong>vocantur</strong></span> <span class='ocrx_word' id='word_1_170' title='bbox 729 3148 774 3238; x_wconf 86' lang='grc'><strong>3),</strong></span> <span class='ocrx_word' id='word_1_171' title='bbox 810 3170 906 3246; x_wconf 89' lang='lat' dir='ltr'><strong>quae</strong></span> <span class='ocrx_word' id='word_1_172' title='bbox 932 3164 1007 3240; x_wconf 91' lang='lat' dir='ltr'><strong>quo</strong></span> <span class='ocrx_word' id='word_1_173' title='bbox 1034 3161 1146 3208; x_wconf 89' lang='lat' dir='ltr'><strong>anm·</strong></span> 
     </span>
     <span class='ocr_line' id='line_1_28' title="bbox 35 3233 1122 3341; baseline -0.009 -26"><span class='ocrx_word' id='word_1_174' title='bbox 35 3246 201 3341; x_wconf 89' lang='lat' dir='ltr'><strong>tempore</strong></span> <span class='ocrx_word' id='word_1_175' title='bbox 235 3239 427 3316; x_wconf 88' lang='lat' dir='ltr'><strong>celebrata</strong></span> <span class='ocrx_word' id='word_1_176' title='bbox 456 3245 549 3337; x_wconf 86' lang='lat' dir='ltr'><strong>sint,</strong></span> <span class='ocrx_word' id='word_1_177' title='bbox 582 3270 659 3316; x_wconf 93' lang='lat' dir='ltr'><strong>non</strong></span> <span class='ocrx_word' id='word_1_178' title='bbox 690 3242 907 3336; x_wconf 72' lang='lat' dir='ltr'><strong>constatl),</strong></span> <span class='ocrx_word' id='word_1_179' title='bbox 944 3237 1017 3309; x_wconf 88' lang='lat' dir='ltr'><strong>nisi</strong></span> <span class='ocrx_word' id='word_1_180' title='bbox 1047 3233 1122 3308; x_wconf 86' lang='lat' dir='ltr'><strong>boc</strong></span> 
     </span>
    </p>
   </div>
   <div class='ocr_carea' id='block_1_5' title="bbox 1 3444 1125 3578">
    <p class='ocr_par' dir='ltr' id='par_1_5' title="bbox 1 3444 1125 3578">
     <span class='ocr_line' id='line_1_29' title="bbox 1 3444 1125 3578; baseline -0.006 -72"><span class='ocrx_word' id='word_1_181' title='bbox 1 3500 3 3506; x_wconf 81' lang='grc'>,</span> <span class='ocrx_word' id='word_1_182' title='bbox 34 3451 163 3578; x_wconf 54' lang='grc' dir='ltr'>ἑίἸοῡυίΙΞιῚιέ</span> <span class='ocrx_word' id='word_1_183' title='bbox 192 3452 224 3504; x_wconf 83' lang='lat' dir='ltr'><strong>iu</strong></span> <span class='ocrx_word' id='word_1_184' title='bbox 252 3452 411 3521; x_wconf 78' lang='lat' dir='ltr'><strong>integrum,</strong></span> <span class='ocrx_word' id='word_1_185' title='bbox 437 3449 473 3504; x_wconf 86' lang='lat' dir='ltr'><strong>dc</strong></span> <span class='ocrx_word' id='word_1_186' title='bbox 501 3451 675 3506; x_wconf 76' lang='lat' dir='ltr'><strong>antinomiis.</strong></span> <span class='ocrx_word' id='word_1_187' title='bbox 718 3449 789 3505; x_wconf 81' lang='lat' dir='ltr'><strong>vid.</strong></span> <span class='ocrx_word' id='word_1_188' title='bbox 814 3447 850 3504; x_wconf 79' lang='lat' dir='ltr'><strong>tle</strong></span> <span class='ocrx_word' id='word_1_189' title='bbox 877 3449 984 3508; x_wconf 85' lang='lat' dir='ltr'><strong>comitt.</strong></span> <span class='ocrx_word' id='word_1_190' title='bbox 1011 3465 1038 3519; x_wconf 87' lang='lat' dir='ltr'><strong>p.</strong></span> <span class='ocrx_word' id='word_1_191' title='bbox 1062 3444 1125 3500; x_wconf 77' lang='lat'><strong>273.</strong></span> 
     </span>
    </p>
   </div>
   <div class='ocr_carea' id='block_1_6' title="bbox 100 3626 486 3915">
    <p class='ocr_par' dir='ltr' id='par_1_6' title="bbox 100 3626 486 3915">
     <span class='ocr_line' id='line_1_30' title="bbox 100 3626 372 3702; baseline -0.015 -14"><span class='ocrx_word' id='word_1_192' title='bbox 100 3626 152 3700; x_wconf 79' lang='lat'><strong>11)</strong></span> <span class='ocrx_word' id='word_1_193' title='bbox 172 3628 246 3683; x_wconf 70' lang='lat' dir='ltr'><strong>nea.</strong></span> <span class='ocrx_word' id='word_1_194' title='bbox 265 3649 295 3702; x_wconf 74' lang='lat' dir='ltr'><strong>p.</strong></span> <span class='ocrx_word' id='word_1_195' title='bbox 309 3629 372 3684; x_wconf 82' lang='lat' dir='ltr'><strong>no.</strong></span> 
     </span>
     <span class='ocr_line' id='line_1_31' title="bbox 102 3735 426 3808; baseline 0.006 -17"><span class='ocrx_word' id='word_1_196' title='bbox 102 3735 153 3804; x_wconf 77' lang='lat'><strong>12)</strong></span> <span class='ocrx_word' id='word_1_197' title='bbox 171 3737 245 3790; x_wconf 74' lang='lat' dir='ltr'><strong>reae.</strong></span> <span class='ocrx_word' id='word_1_198' title='bbox 264 3755 292 3808; x_wconf 75' lang='lat' dir='ltr'><strong>p.</strong></span> <span class='ocrx_word' id='word_1_199' title='bbox 310 3736 365 3791; x_wconf 75' lang='lat' dir='ltr'><strong>aaa</strong></span> <span class='ocrx_word' id='word_1_200' title='bbox 383 3754 426 3808; x_wconf 73' lang='lat' dir='ltr'><strong>sq.</strong></span> 
     </span>
     <span class='ocr_line' id='line_1_32' title="bbox 104 3837 486 3915; baseline 0 -17"><span class='ocrx_word' id='word_1_201' title='bbox 104 3840 137 3912; x_wconf 91' lang='lat'><strong>1)</strong></span> <span class='ocrx_word' id='word_1_202' title='bbox 155 3843 228 3896; x_wconf 82' lang='lat' dir='ltr'><strong>vid.</strong></span> <span class='ocrx_word' id='word_1_203' title='bbox 246 3861 334 3915; x_wconf 81' lang='lat' dir='ltr'><strong>supra</strong></span> <span class='ocrx_word' id='word_1_204' title='bbox 353 3837 377 3914; x_wconf 59' lang='grc' dir='ltr'><strong>ᾗ.</strong></span> <span class='ocrx_word' id='word_1_205' title='bbox 397 3842 441 3898; x_wconf 82' lang='grc'><strong>10.</strong></span> <span class='ocrx_word' id='word_1_206' title='bbox 459 3842 486 3898; x_wconf 80' lang='grc' dir='ltr'><strong>Β.</strong></span> 
     </span>
    </p>
   </div>
   <div class='ocr_carea' id='block_1_7' title="bbox 37 3945 1127 4094">
    <p class='ocr_par' dir='ltr' id='par_1_7' title="bbox 37 3945 1127 4094">
     <span class='ocr_line' id='line_1_33' title="bbox 106 3945 1127 4024; baseline -0.009 -18"><span class='ocrx_word' id='word_1_207' title='bbox 106 3949 139 4019; x_wconf 85' lang='grc'><strong>2)</strong></span> <span class='ocrx_word' id='word_1_208' title='bbox 157 3954 203 4006; x_wconf 88' lang='lat' dir='ltr'><strong>Dc</strong></span> <span class='ocrx_word' id='word_1_209' title='bbox 228 3950 362 4004; x_wconf 88' lang='lat' dir='ltr'><strong>omnibns</strong></span> <span class='ocrx_word' id='word_1_210' title='bbox 385 3953 516 4022; x_wconf 84' lang='lat' dir='ltr'><strong>proximo</strong></span> <span class='ocrx_word' id='word_1_211' title='bbox 542 3953 634 4024; x_wconf 83' lang='lat' dir='ltr'><strong>capite</strong></span> <span class='ocrx_word' id='word_1_212' title='bbox 658 3955 819 4007; x_wconf 75' lang='lat' dir='ltr'><strong>accuratius</strong></span> <span class='ocrx_word' id='word_1_213' title='bbox 847 3950 967 4006; x_wconf 77' lang='lat' dir='ltr'><strong>(licetur.</strong></span> <span class='ocrx_word' id='word_1_214' title='bbox 1008 3945 1127 4004; x_wconf 87' lang='lat' dir='ltr'><strong>Interim</strong></span> 
     </span>
     <span class='ocr_line' id='line_1_34' title="bbox 37 4022 416 4094; baseline 0.005 -20"><span class='ocrx_word' id='word_1_215' title='bbox 37 4022 96 4076; x_wconf 75' lang='lat' dir='ltr'><strong>viel.</strong></span> <span class='ocrx_word' id='word_1_216' title='bbox 116 4025 151 4078; x_wconf 84' lang='lat' dir='ltr'><strong>dc</strong></span> <span class='ocrx_word' id='word_1_217' title='bbox 173 4027 283 4079; x_wconf 84' lang='lat' dir='ltr'><strong>comitt.</strong></span> <span class='ocrx_word' id='word_1_218' title='bbox 303 4043 333 4094; x_wconf 86' lang='lat' dir='ltr'><strong>p.</strong></span> <span class='ocrx_word' id='word_1_219' title='bbox 351 4023 416 4078; x_wconf 81' lang='lat'><strong>³13.</strong></span> 
     </span>
    </p>
   </div>
   <div class='ocr_carea' id='block_1_8' title="bbox 39 4126 1128 4274">
    <p class='ocr_par' dir='ltr' id='par_1_8' title="bbox 39 4104 1128 4274">
     <span class='ocr_line' id='line_1_35' title="bbox 105 4126 1128 4208; baseline -0.007 -22"><span class='ocrx_word' id='word_1_220' title='bbox 105 4128 139 4198; x_wconf 83' lang='grc'><strong>3)</strong></span> <span class='ocrx_word' id='word_1_221' title='bbox 158 4130 203 4186; x_wconf 84' lang='lat' dir='ltr'><strong>cf.</strong></span> <span class='ocrx_word' id='word_1_222' title='bbox 230 4129 266 4183; x_wconf 79' lang='lat' dir='ltr'><strong>ele</strong></span> <span class='ocrx_word' id='word_1_223' title='bbox 291 4131 400 4183; x_wconf 86' lang='lat' dir='ltr'><strong>comitt.</strong></span> <span class='ocrx_word' id='word_1_224' title='bbox 421 4149 450 4200; x_wconf 87' lang='lat' dir='ltr'><strong>p.</strong></span> <span class='ocrx_word' id='word_1_225' title='bbox 470 4131 533 4184; x_wconf 84' lang='grc'><strong>322.</strong></span> <span class='ocrx_word' id='word_1_226' title='bbox 554 4129 591 4183; x_wconf 82' lang='lat' dir='ltr'><strong>ad</strong></span> <span class='ocrx_word' id='word_1_227' title='bbox 615 4133 689 4185; x_wconf 77' lang='lat' dir='ltr'><strong>Isac-</strong></span> <span class='ocrx_word' id='word_1_228' title='bbox 707 4153 736 4208; x_wconf 95' lang='lat' dir='ltr'><strong>p.</strong></span> <span class='ocrx_word' id='word_1_229' title='bbox 754 4131 817 4188; x_wconf 75' lang='lat'><strong>368.</strong></span> <span class='ocrx_word' id='word_1_230' title='bbox 854 4128 970 4184; x_wconf 83' lang='lat' dir='ltr'><strong>Scbacf.</strong></span> <span class='ocrx_word' id='word_1_231' title='bbox 990 4126 1027 4182; x_wconf 80' lang='lat' dir='ltr'><strong>ael</strong></span> <span class='ocrx_word' id='word_1_232' title='bbox 1044 4129 1128 4181; x_wconf 87' lang='lat' dir='ltr'><strong>Dem.</strong></span> 
     </span>
     <span class='ocr_line' id='line_1_36' title="bbox 39 4203 468 4274; baseline 0.005 -21"><span class='ocrx_word' id='word_1_233' title='bbox 39 4219 83 4253; x_wconf 89' lang='lat' dir='ltr'><strong>or.</strong></span> <span class='ocrx_word' id='word_1_234' title='bbox 101 4203 137 4256; x_wconf 85' lang='lat' dir='ltr'><strong>de</strong></span> <span class='ocrx_word' id='word_1_235' title='bbox 156 4203 278 4256; x_wconf 89' lang='lat' dir='ltr'><strong>contrib.</strong></span> <span class='ocrx_word' id='word_1_236' title='bbox 297 4221 324 4274; x_wconf 91' lang='lat' dir='ltr'><strong>p.</strong></span> <span class='ocrx_word' id='word_1_237' title='bbox 344 4203 405 4271; x_wconf 85' lang='lat'><strong>171,</strong></span> <span class='ocrx_word' id='word_1_238' title='bbox 424 4203 468 4255; x_wconf 87' lang='grc'><strong>17.</strong></span> 
     </span>
    </p>
   </div>
   <div class='ocr_carea' id='block_1_9' title="bbox 44 4301 1132 4458">
    <p class='ocr_par' dir='ltr' id='par_1_9' title="bbox 44 4301 1132 4458">
     <span class='ocr_line' id='line_1_37' title="bbox 109 4301 1132 4381; baseline -0.004 -19"><span class='ocrx_word' id='word_1_239' title='bbox 109 4306 141 4375; x_wconf 80' lang='grc'><strong>4)</strong></span> <span class='ocrx_word' id='word_1_240' title='bbox 159 4309 231 4362; x_wconf 76' lang='lat' dir='ltr'><strong>vie.</strong></span> <span class='ocrx_word' id='word_1_241' title='bbox 250 4309 286 4364; x_wconf 83' lang='lat' dir='ltr'><strong>de</strong></span> <span class='ocrx_word' id='word_1_242' title='bbox 305 4312 413 4367; x_wconf 85' lang='lat' dir='ltr'><strong>comitt.</strong></span> <span class='ocrx_word' id='word_1_243' title='bbox 431 4327 458 4380; x_wconf 87' lang='lat' dir='ltr'><strong>p.</strong></span> <span class='ocrx_word' id='word_1_244' title='bbox 476 4309 531 4363; x_wconf 78' lang='lat'><strong>322</strong></span> <span class='ocrx_word' id='word_1_245' title='bbox 548 4328 609 4381; x_wconf 85' lang='lat' dir='ltr'><strong>sqq.</strong></span> <span class='ocrx_word' id='word_1_246' title='bbox 629 4311 680 4364; x_wconf 92' lang='lat' dir='ltr'><strong>ubi</strong></span> <span class='ocrx_word' id='word_1_247' title='bbox 694 4301 948 4380; x_wconf 60' lang='lat' dir='ltr'><strong>&#39;grammaticorum</strong></span> <span class='ocrx_word' id='word_1_248' title='bbox 972 4311 1132 4363; x_wconf 87' lang='lat' dir='ltr'><strong>commenta</strong></span> 
     </span>
     <span class='ocr_line' id='line_1_38' title="bbox 44 4377 648 4458; baseline 0.007 -27"><span class='ocrx_word' id='word_1_249' title='bbox 44 4377 80 4432; x_wconf 80' lang='lat' dir='ltr'><strong>dc</strong></span> <span class='ocrx_word' id='word_1_250' title='bbox 97 4389 233 4451; x_wconf 78' lang='lat' dir='ltr'><strong>quattuor</strong></span> <span class='ocrx_word' id='word_1_251' title='bbox 250 4381 376 4458; x_wconf 76' lang='grc' dir='ltr'><strong>ἀνάρχοις</strong></span> <span class='ocrx_word' id='word_1_252' title='bbox 392 4381 494 4435; x_wconf 80' lang='lat' dir='ltr'><strong>diebus</strong></span> <span class='ocrx_word' id='word_1_253' title='bbox 512 4381 648 4435; x_wconf 80' lang='lat' dir='ltr'><strong>relutavi.</strong></span> 
     </span>
    </p>
   </div>
   <div class='ocr_carea' id='block_1_10' title="bbox 0 0 1416 5082">
    <p class='ocr_par' dir='ltr' id='par_1_10' title="bbox 0 0 1416 5082">
     <span class='ocr_line' id='line_1_39' title="bbox 0 0 1416 5082; baseline 0 0"><span class='ocrx_word' id='word_1_254' title='bbox 0 0 1416 5082; x_wconf 95' lang='lat' dir='ltr'><strong> </strong></span> 
     </span>
    </p>
   </div>
  </div>
 </body>
</html>
