2840 5084
28 357 29 362 ’
171 351 727 455 1110110rctmput1oam
751 350 981 436 verbereum.
1065 361 1114 436 55

72 564 190 644 quorum
209 531 468 614 conditoribus
488 541 587 614 inter
608 542 715 639 ipsos
735 493 905 616 Graecos
918 527 1109 641 posterio-

70 666 112 714 res
127 641 189 710 tam
210 659 341 734 parum
365 632 582 726 constabat,
614 636 794 738 utvutgo
821 639 1030 741 Cyclopum
1064 668 1110 717 ea

70 761 153 835 opera
174 759 253 809 esse
278 729 539 808 fabularentur
553 735 600 832 ⁸).

373 905 379 913 ’
510 939 545 1020 o.
570 938 620 1012 11.

26 1089 28 1096 ⁴
132 1069 308 1142 idomenus
324 1068 479 1162 autem,
513 1097 537 1143 a
568 1097 644 1174 qno
677 1076 799 1146 omnis
823 1077 964 1148 certior
987 1071 1106 1147 Graa-

66 1191 109 1241 cac
128 1167 345 1268 antipuitatis
370 1171 541 1260 cognitio
563 1167 829 1269 proficiscitur,
852 1173 973 1245 totam
997 1166 1109 1243 nobis

66 1265 220 1339 Graecam
251 1268 288 1338 in
325 1261 504 1364 plurimas
542 1271 711 1342 civitates
737 1269 906 1360 disisam
944 1267 1110 1344 ostendit

64 1367 141 1460 regio
173 1389 302 1436 omnes
339 1366 498 1461 imperio
536 1364 746 1440 subiectas:
786 1391 941 1466 eamque
982 1389 1107 1440 rerum

63 1460 254 1558 pudicarum
281 1459 437 1533 sormam
463 1465 626 1536 omnium
655 1468 812 1562 primam
845 1461 962 1537 tuisse
993 1465 1109 1534 ceteri

62 1582 174 1727 proque
197 1561 405 1657 scriptores
430 1583 507 1632 uno
533 1585 601 1633 ore
627 1563 815 1635 testantur
830 1561 874 1657 ¹).
913 1555 992 1635 Sed
1019 1562 1109 1658 post

78 1659 209 1729 croicam
234 1664 406 1743 aetatem,
439 1681 549 1758 quum
575 1657 846 1732 'l'bassatorum
880 1661 920 1733 et
944 1659 1108 1730 Dorien-

62 1757 125 1827 sinm
157 1753 457 1850 migrationibus.
483 1754 686 1857 ptcracque
717 1757 901 1830 Graeciae
934 1751 1108 1828 condicio

60 1876 162 1948 nagno
185 1877 303 1952 opero
328 1853 520 1924 immutata
543 1856 701 1952 imperia
726 1879 773 1926 ue
799 1851 847 1925 ad
869 1851 967 1925 atics
985 1853 1108 1924 trans·

60 1944 123 2037 lata,
149 1975 235 2022 mox
270 1951 380 2022 etiam
415 1973 536 2022 novae
568 1956 680 2022 extra
702 1879 902 2024 dir-aeciam
934 1954 971 2022 in
1003 1951 1109 2040 Asia,

23 2125 24 2128 Ἴ
60 2045 146 2136 ltalia,
170 2043 301 2120 Sicilia
325 2047 496 2118 civitates
513 2045 688 2121 conditae
704 2051 842 2136 essent,
866 2071 1004 2142 magna
1020 2069 1107 2118 coe·

60 2146 96 2239 pit
113 2143 240 2245 ubique
267 2141 650 2242 rerumpublicarum
680 2148 886 2234 casinensia
913 2151 952 2216 et
983 2145 1109 2214 variae

23 2279 24 2336 3
60 2243 227 2316 extiterunt
252 2244 442 2314 civitatum
469 2239 623 2315 formae.
661 2239 742 2316 Sed
768 2245 888 2315 omnis
916 2239 1007 2313 baec
1033 2237 1109 2311 ior·
1228 2266 1230 2271 ·

23 2359 24 2428 i
59 2363 164 2412 namna
188 2342 350 2412 varietas
366 2364 441 2410 non
459 2338 692 2414 incommode
717 2365 741 2412 a
764 2335 956 2412 veteribus
980 2333 1108 2436 potiti·

22 2429 24 2508 ἶ
60 2439 94 2506 cis
118 2438 157 2510 ad
189 2441 261 2512 tria
290 2439 452 2510 maxime
476 2462 621 2535 genera
647 2439 818 2512 revocari
844 2435 959 2525 solet,
993 2440 1109 2533 prout

58 2531 94 2604 vd
112 2561 218 2632 pones
237 2559 364 2624 sinum,
390 2531 447 2606 vet
462 2560 586 2633 penes
595 2561 749 2633 paucos,
772 2531 830 2606 vei
846 2559 964 2634 penes
978 2553 1108 2605 omnes

58 2655 198 2705 smmum
230 2640 290 2705 est
322 2636 357 2704 in
393 2655 435 2703 re
497 2629 623 2704 ubtica
654 2635 713 2704 ius
744 2633 858 2734 atque
898 2633 1107 2728 imperinm:

22 2751 23 2820 3
57 2753 223 2831 rursusque
250 2754 302 2802 ex
327 2724 449 2802 tribus
470 2659 532 2810 bis
556 2727 764 2828 generibus
787 2753 901 2802 urium
932 2724 1107 2828 quodque

56 2827 78 2895 in
98 2825 189 2900 binas
214 2829 363 2925 species
390 2825 577 2918 dividitur,
601 2828 728 2926 prout,
755 2830 816 2997 spui
843 2848 1020 2900 summam
1046 2847 1106 2896 re·

57 2946 111 2996 rum
130 2932 267 3016 tenent,
292 2928 482 3021 potestate
508 2951 577 3000 sua
603 2931 668 2996 aut
693 2921 739 2996 ad
789 2949 899 2996 onum
916 2920 1106 3020 pubiicum

56 3025 79 3091 et
102 3045 321 3096 communem
354 3025 517 3096 omnium
550 3019 708 3096 satutem
739 3022 917 3110 utuntur,
951 3023 1015 3090 aut
1039 3041 1105 3086 nc·

55 3116 147 3211 plecta
169 3120 331 3194 utititatc
354 3119 507 3217 pnbtioa
533 3145 604 3192 suo
630 3121 774 3191 tantum
800 3114 995 3189 commodo
1012 3114 1107 3184 suis-

56 3237 103 3312 que
129 3219 262 3315 opibus
294 3219 542 3315 prospiciunt.
598 3216 657 3290 lta
688 3239 867 3291 summum
897 3214 1007 3285 unius
1038 3213 1104 3282 im-

56 3316 164 3406 prium
188 3317 255 3387 aut
280 3338 438 3409 regnum
463 3314 690 3386 recantant
714 3310 1004 3383 dominationem
1028 3313 1105 3402 (ty-

55 3412 249 3506 rannidem):
275 3408 340 3484 ubi
366 3437 388 3484 a
414 3413 545 3510 paucis
569 3434 632 3483 res
648 3405 799 3508 pubtica
814 3407 1106 3496 administratur,

57 3515 99 3578 ant
122 3511 359 3582 aristocratia
388 3514 448 3582 est
477 3515 543 3580 aut
573 3505 796 3606 otigarcbia:
830 3504 990 3606 denique
1022 3504 1105 3575 uni·

54 3610 124 3678 narsi
145 3605 275 3707 popuii
298 3609 491 3706 imperium
517 3607 582 3680 aut
606 3604 872 3680 democratiam
889 3602 1016 3677 dieunt
1041 3604 1105 3673 aut

54 3780 218 3800 *—

99 3881 125 3954 8)
141 3887 258 3941 Pindar.
276 3886 377 3956 fragm.
397 3888 454 3941 ino·
473 3905 523 3941 uo·
541 3886 577 3942 ⁴8
594 3905 621 3959 p.
639 3886 692 3942 2⁴5
710 3886 787 3939 Dias.
826 3881 923 3956 Eurip.
944 3881 1030 3956 Hero.
1049 3875 1104 3930 tur.

53 3950 186 4013 tttflsrm.
207 3960 368 4031 Pherecyd.
387 3961 484 4012 Stura.
525 3959 584 4013 Μ
604 3959 765 4012 Hecataeus
784 3955 886 4010 creua.
927 3952 985 4006 172.
1006 3947 1103 4004 strab.

52 4021 179 4102 Vllbtip.
199 4031 266 4085 369.
284 4033 346 4086 373.
384 3979 522 4102 sporrod
538 4031 575 4094 Π,
594 4031 619 4098 2,
642 4032 665 4095 Ι,
682 4031 709 4084 3.
755 4029 880 4081 Pausan.
898 3974 934 4092 fi,
963 4021 1030 4084 lat.
1059 4024 1102 4088 20,

52 4092 126 4221 Mb,
142 4103 166 4156 i.
195 4104 264 4170 vn,
284 4107 327 4169 25,
345 4105 373 4160 3.
398 4099 496 4158 Sobel.
513 4102 611 4176 Apoll.
630 4101 790 4167 Rbod.1V‚
810 4099 888 4152 1091.
915 4091 1046 4150 Euocat.
1066 4091 1104 4144 ad

69 4170 192 4246 '·.11p.
211 4176 276 4242 2b6,
292 4177 339 4230 21.

102 4291 128 4365 ι)
145 4297 227 4353 nnus
250 4299 278 4356 a.
297 4301 323 4366 1,
344 4299 385 4355 ra.
404 4301 494 4352 ssa.
512 4298 600 4354 rorat.
617 4269 667 4366 nr,
685 4298 712 4364 s,
727 4297 752 4352 a·
773 4297 816 4359 lo,
834 4295 861 4348 r.
879 4296 1002 4366 orsay..
1021 4292 1104 4356 aa,
1169 4287 1176 4294 “

51 4357 78 4428 b
91 4366 127 4422 74.
149 4317 256 4444 roryd.
274 4371 327 4436 Vi,
345 4373 370 4426 d.
395 4373 521 4426 Pausan.
539 4371 593 4436 lx,
613 4371 637 4424 l·
660 4442 664 4452 1
798 4429 802 4438 ,
