2814 5080
291 317 367 397 348
493 324 535 402 V.
558 325 619 401 De
640 321 863 430 republica
884 325 1179 405 Atheniensium.

294 501 458 583 decorae
483 506 679 680 dignitatis
703 506 828 610 plena,
843 505 942 630 ‘quid
966 507 1067 582 aliud
1090 512 1129 584 in
1143 471 1349 629 deqrumhe·

292 614 630 779 {hillidii
638 613 875 778 tilithi?
894 605 1352 803 14314Ἥῆ1ὶῖ

295 802 423 872 omnia
458 800 629 876 subiecta
654 808 754 896 sunt,
784 804 965 901 cuiusque
989 803 1231 876 veneratione
1255 807 1353 876 omnis

293 893 432 996 religio
464 901 701 985 continetur,
739 902 910 998 graviter
941 905 980 973 et
1004 896 1211 973 luculenter
1234 907 1355 998 specla-

292 993 400 1068 toree
430 993 652 1072 admonuit?
687 1000 874 1071 Minorem
904 999 944 1068 iu
967 994 1052 1070 aliis
1073 995 1293 1096 religionum
1311 1000 1355 1068 io-

293 1093 449 1188 solutis,
473 1096 512 1169 iu
537 1095 783 1177 caeremoniis
807 1091 988 1193 testisque
1013 1097 1269 1188 sanctitatem,
1301 1119 1356 1168 nec

293 1191 371 1261 tam
396 1192 443 1265 ad
470 1217 599 1266 sanam
634 1217 841 1293 puramque
873 1194 1053 1290 pietatem
1118 1217 1204 1264 uam
1236 1190 1279 1265 ad
1308 1217 1355 1264 su·

193 1327 196 1332 ·
291 1292 554 1384 perstitionem
578 1288 759 1391 pleraque
784 1286 1069 1363 accommodata
1092 1217 1234 1383 luisse,
1291 1286 1357 1360 uili·

290 1385 361 1458 het
379 1384 572 1480 conceditg
613 1385 681 1460 sed
711 1385 1013 1485 spectaculorum
1042 1396 1166 1460 tamen
1199 1413 1244 1460 ac
1269 1314 1358 1458 ludo

291 1509 376 1558 rum
401 1483 678 1577 solemnitates,
714 1509 841 1559 rernm
874 1488 995 1556 omnis
1024 1487 1179 1579 generis
1206 1481 1357 1584 pulcher·

290 1584 469 1662 rimarum
494 1580 716 1680 adspectus,
752 1585 887 1657 artium
918 1585 1177 1680 gymnicorum
1205 1589 1242 1654 et
1265 1583 1358 1652 musi-

291 1700 420 1753 carum
446 1682 751 1754 concertationes
782 1705 859 1753 non
891 1685 1070 1777 poterant
1093 1704 1171 1751 non
1197 1682 1237 1752 in
1261 1677 1359 1750 homi-

290 1801 381 1852 num
414 1779 548 1852 animis
573 1775 677 1851 alere
702 1779 815 1878 atque
842 1779 1009 1850 excitare
1042 1775 1129 1849 illos
1153 1779 1359 1874 generosio-

290 1878 345 1948 ris
370 1878 529 1949 naturae
553 1877 566 1947 i
622 1874 763 1969 iceles,
793 1877 857 1975 qui
881 1877 995 1948 vitam
1019 1871 1220 1946 humanam
1244 1900 1267 1947 a
1289 1871 1359 1946 leri·

289 1973 370 2047 tate
405 1995 450 2046 ac
486 1899 666 2046 harhhnrie
705 1970 927 2046 disiunctum
970 1971 1217 2044 honestarum
1255 1995 1358 2044 reron

291 2069 428 2145 studiis
458 2067 680 2170 liberalique
712 2068 968 2145 oblectatione
1000 2067 1213 2142 illuminant
1226 2071 1273 2168 ⁶).
1322 2067 1360 2139 lll

288 2165 362 2244 l'uit
392 2165 566 2268 prolecto
596 2165 700 2242 nulla
729 2192 893 2276 uuquam
924 2191 1023 2265 gens
1059 2170 1135 2239 tam
1160 2169 1296 2240 eximio
1318 2162 1360 2235 his

291 2264 426 2342 studiis
459 2290 569 2366 qnam
593 2264 842 2340 Athenienses
873 2263 1090 2358 honestata,
1129 2262 1237 2338 nulla
1259 2265 1361 2336 minus

290 2366 415 2438 ventri
439 2381 485 2435 ac
511 2361 682 2438 luxuriae
706 2360 880 2436 llliherali
906 2359 1049 2452 dedita,
1087 2360 1191 2435 nulla
1217 2365 1255 2434 in
1280 2361 1361 2431 victu

291 2459 393 2534 cultu
420 2484 468 2534 ue
502 2463 676 2558 corporis
708 2463 883 2559 omnique
913 2455 1120 2532 domestica
1152 2484 1200 2531 ac
1230 2457 1360 2559 privata

291 2561 369 2631 vita
392 2486 592 2657 trogalior,
627 2555 889 2656 pulcritudinis
921 2565 956 2628 ct
992 2553 1208 2652 elegantiae
1234 2551 1360 2629 studio·

290 2655 441 2751 eiorl),
482 2654 642 2756 deniquo
675 2679 804 2729 aarum
834 2655 999 2726 omnium
1022 2677 1169 2746 rerum,
1211 2679 1304 2754 qnae
1324 2647 1361 2721 ad

290 2753 558 2829 humanitatem
570 2755 773 2851 pertinent,
799 2756 864 2826 aul
878 2747 1050 2852 cupidior
1062 2760 1127 2825 aut
1143 2754 1317 2851 capacior
1327 2749 1359 2844 ⁸).

288 2952 490 2972 -ῄ

361 3053 394 3122 a)
411 3053 489 3108 Illud
507 3054 584 3107 euim
603 3060 670 3108 ante
688 3055 784 3108 omnia
801 3053 957 3108 tenendum
975 3070 1094 3116 censeo,
1118 3053 1144 3106 ei
1162 3051 1229 3123 quie
1246 3055 1319 3104 reete
1333 3045 1360 3097 de

291 3128 468 3182 Graecorum
497 3127 639 3196 religione
661 3127 789 3180 iudicare
813 3126 898 3194 velit,
925 3125 1015 3180 luisse
1040 3124 1098 3178 illis
1122 3143 1184 3176 uon
1208 3123 1268 3175 hoe'
1284 3118 1359 3172 solun

291 3200 370 3268 deos,
389 3216 509 3271 quornm
529 3201 646 3251 nomine
664 3198 882 3270 fabulosumque
899 3197 1048 3272 hietqriam
1066 3203 1171 3268 poetae
1181 3195 1306 3258 tradunt,
1321 3187 1360 3242 ecl

289 3275 349 3325 vim
369 3270 510 3342 quandam
529 3289 692 3343 numenque
712 3271 850 3336 divinum,
873 3271 951 3344 quod
970 3287 1056 3341 quum
1075 3286 1135 3320 non
1155 3276 1233 3319 eeeet
1250 3283 1305 3318 una
1320 3261 1360 3313 ali-

290 3363 347 3414 qua
365 3351 470 3394 natura
487 3349 577 3394 totum
597 3340 841 3412 comprehensum,
859 3344 968 3396 inesset
985 3348 1081 3394 temen
1099 3341 1130 3392 iu
1147 3338 1294 3404 omnihus3
1310 3343 1360 3386 tan-

288 3425 376 3488 toque
402 3431 542 3483 quemque
561 3417 755 3482 augustiorem
773 3413 917 3480 habitum,
946 3419 1054 3486 quanto
1091 3410 1236 3464 lucillius
1253 3406 1360 3461 numinis

288 3490 322 3542 im
339 3506 374 3539 eo
392 3487 509 3538 inesset.
547 3487 621 3537 Rem
640 3504 725 3556 quem
742 3489 877 3560 persequi
895 3485 951 3539 hoe
979 3483 1046 3537 loeo
1089 3501 1196 3553 ongum
1215 3487 1261 3536 eet
1283 3478 1360 3545 tetigit

289 3563 375 3615 etiam
393 3555 511 3610 Jaeohs.
528 3575 556 3628 p.
574 3557 726 3611 ate-355.

358 3682 392 3755 o)
410 3680 456 3740 (li.
474 3677 550 3735 Plat.
566 3679 656 3750 Legg.
675 3681 705 3734 Π
721 3693 750 3747 p·
768 3680 822 3742 6⁵3
838 3682 876 3737 D.
896 3678 1029 3751 Thucyd.
1047 3677 1150 3743 11,38.

359 3809 389 3879 7)
414 3807 568 3866 φιλοκαλεῖν
588 3803 641 3876 μετ’
663 3804 789 3862 εὐτελείας.
839 3803 973 3875 ΤΙιιιογᾶ.
994 3804 1033 3870 11,
1056 3804 1102 3858 lo.
1143 3807 1188 3858 Ite
1211 3801 1358 3873 frugalitate

287 3881 506 3940 Atheniensium
531 3877 567 3930 cl'.
594 3875 735 3930 Athenae.
773 3879 817 3930 vt
839 3889 868 3941 Ρ.
891 3878 953 3935 219.
999 3877 1055 3940 IV,
1079 3877 1132 3930 let
1154 3877 1188 3930 11.
1213 3878 1262 3932 131
1284 3872 1356 3934 Μ,

288 3957 342 4011 tlt
362 3957 396 4011 G·
414 3952 491 4006 Add.
509 3946 638 4003 Boeclrh.
657 3967 718 4002 oec·
736 3967 759 4002 r.
778 3969 805 4020 p.
824 3951 861 4002 A.
882 3949 897 4000 l
916 3961 945 4014 Ρ.
963 3948 1147 4020 eamq-110
1165 3968 1227 4021 sqq.

360 4056 393 4130 8)
411 4058 558 4130 Φιλόλογω,
575 4055 602 4110 h.
621 4073 647 4110 e.
665 4073 725 4109 non
744 4054 837 4108 nolum
857 4053 1051 4126 colloquendi,
1068 4054 1120 4108 eed
1138 4051 1298 4128 disputandi
1314 4049 1358 4100 die·

289 4132 430 4204 eendique
449 4139 478 4186 et
496 4129 620 4183 docendi
636 4130 761 4182 invicem
779 4125 901 4179 studiosi
918 4125 1111 4180 Athenienses
1128 4126 1260 4182 anultie
1276 4125 1357 4176 dicun·

289 4212 344 4258 tur.
380 4203 449 4257 vid.
474 4203 549 4256 Plat·
571 4203 660 4270 Legg·
685 4201 749 4264 lp.
769 4200 829 4254 641.
865 4199 953 4250 leocr.
973 4198 1009 4250 de
1027 4207 1147 4269 permut.
1167 4219 1194 4270 p.
1215 4197 1264 4250 127
1283 4189 1357 4248 Orell·

290 4281 464 4350 Quanquam
482 4275 580 4342 negari
599 4291 659 4324 non
677 4279 773 4343 potest
791 4271 956 4322 adiunctum
974 4267 1042 4322 huic
1060 4273 1161 4322 virtuti
1171 4277 1357 4340 saepenumero

291 4351 376 4403 etiam
395 4347 545 4416 ddoleexies
559 4347 662 4398 vitium
679 4343 785 4408 iuius,
812 4339 1037 4414 frequentesque
1054 4345 1213 4396 otiosorum
1229 4339 1358 4392 hominum
