2814 5080
276 361 313 436 7.
337 361 398 436 De
422 360 640 436 oeconomia
664 358 931 461 reipublicae.
1081 361 1155 438 313

72 551 196 640 nasia,
229 543 452 635 lineatoris,
476 539 650 630 theatra,
674 539 815 641 templa
841 541 1008 644 aliaque;
1032 573 1081 622 ne
1108 547 1155 626 de

72 649 166 720 artis
200 639 380 742 operibus
414 639 600 731 dicamus,
627 640 765 713 statuis
789 638 932 714 tabulis
957 670 1004 717 ue
1030 648 1156 744 pictis,

69 746 110 817 in
135 766 233 842 quae
259 743 384 814 omnia
410 742 589 838 quantum
614 733 778 810 florente
802 669 1015 836 republica
1038 769 1154 840 peeo-

69 844 157 914 niae
183 839 415 935 insumptum
440 835 502 925 sit,
528 858 639 924 nemo
664 835 878 932 ignorat7).
915 838 1021 912 llaec
1040 848 1154 940 atque

69 936 180 1028 talia,
212 937 361 1020 etiamsi
390 929 506 1006 semel
537 927 638 1003 saeta
668 933 708 1004 in
732 930 794 1005 lon
828 958 887 1004 um
911 933 1061 1034 tempus
1086 939 1155 1012 du·

68 1047 170 1127 rant,
195 1031 389 1132 plerisque
413 1032 538 1102 tamen
565 1027 731 1101 subinde
757 957 969 1104 rebeiendis
987 1035 1155 1110 tuendis-

69 1156 143 1232 que
173 1133 365 1228 impensae
403 1121 605 1200 identidem
636 1123 834 1200 faciendae
867 1130 972 1223 sunt,
1013 1133 1056 1204 ut
1086 1131 1154 1212 has

66 1251 222 1398 puoque
259 1228 394 1298 annuis
431 1220 644 1320 sumptibus
685 1220 922 1298 adnumerari
964 1232 1155 1326 oporteat.

104 1327 272 1408 ostremo
304 1320 391 1394 loco
424 1318 752 1394 commemoranda
771 1325 880 1414 suut,
912 1348 1007 1422 quac
1032 1325 1155 1400 hono-

65 1425 122 1495 ris
148 1423 215 1494 aut
238 1422 400 1519 praemii
425 1444 541 1490 causa
567 1420 794 1516 erogantur:
825 1418 1028 1517 hospitalia
1054 1424 1156 1500 dona

63 1518 208 1617 legatis
247 1521 463 1591 exterarum
502 1517 690 1588 civitatum
722 1511 898 1612 praebita
911 1519 964 1609 ⁸),
1005 1521 1155 1618 epulum

64 1619 107 1690 in
132 1615 323 1714 prytaneo
350 1618 416 1686 aut
441 1615 560 1684 victus
587 1612 849 1711 quotidianus,
874 1614 994 1710 tituli,
1019 1621 1154 1718 imagi.

64 1739 158 1805 nes,
190 1736 356 1786 coronae
388 1708 536 1809 aliaque
560 1706 599 1782 id
623 1735 747 1805 genus
778 1707 997 1807 plurima⁹).
1047 1722 1155 1794 Haeo

40 1812 196 1883 'omnia
227 1812 290 1907 qui
320 1810 490 1906 reputet,
523 1831 644 1906 enque
677 1805 725 1880 de
758 1803 894 1906 quihus
920 1813 1060 1885 certius
1085 1813 1154 1890 ali·

66 1906 160 2008 quid
194 1908 309 1980 statui
337 1905 469 2005 polest
501 1929 585 1975 cum
615 1907 662 1976 iis
688 1928 784 2002 quae
810 1907 951 1978 certam
977 1911 1153 1985 aestima·

63 2012 210 2078 tionem
241 2028 318 2075 non
351 2000 571 2093 admittunt,
633 1996 797 2074 robabili
822 2005 970 2076 ratione
996 2032 1152 2108 compe.

62 2108 154 2194 nat,
185 2124 264 2172 non
303 2095 490 2172 dubitabit
518 2121 590 2196 pro
609 2103 712 2188 ecto,
750 2100 838 2195 quin
869 2097 1153 2180 Atheniensium
1283 2131 1286 2139 '

63 2194 1155 2376 iisplt¹³3i⁰illll⁸iil⁰at¹³lbl¹isstililpn⁰ll
1213 2225 1217 2240 “

62 2390 233 2466 saciencli
265 2391 412 2482 essent,
445 2318 647 2489 quotannis
677 2393 822 2462 tamen·
854 2385 1046 2488 ningentis
1070 2396 1153 2474 lere

62 2492 223 2564 talentis
247 2493 423 2562 constare
447 2484 559 2564 solito
581 2487 640 2560 sit.
695 2485 756 2560 De
773 2415 960 2562 hellurum
977 2519 1069 2566 vero
1084 2497 1153 2569 im·

61 2589 197 2686 pensis
220 2584 326 2686 loqui
340 2585 569 2682 longumost
584 2583 622 2655 et
635 2580 799 2676 dillicile,
825 2587 867 2659 ut
881 2612 977 2688 qnae
993 2595 1155 2668 omnium

63 2687 231 2758 maxime
273 2688 401 2755 variae
440 2684 515 2754 sint
550 2679 749 2780 nullosque
787 2692 914 2758 certos
954 2682 1049 2762 lines
1087 2688 1154 2764 ha·

61 2779 196 2856 beant.
227 2782 360 2880 ltaque
384 2804 499 2851 unum
555 2804 648 2852 enus
675 2775 1062 2874 commemorabimus,
1088 2789 1156 2862 sti·

61 2877 207 2978 pendia
238 2875 325 2950 inde
359 2902 382 2949 a
419 2803 579 2948 Periclis
610 2877 734 2948 aetate
767 2875 948 2952 militibus
981 2880 1064 2955 dari
1088 2910 1153 2957 so-

61 2977 214 3061 1111110).ι
243 2975 386 3048 Eorum
418 2970 636 3071 magnitudo
669 2972 743 3044 alia
777 2981 861 3046 erat
891 2975 975 3050 aliis
1007 2985 1154 3079 tempo.

62 3069 256 3167 rihus¹¹):
280 3097 350 3170 gre
381 3073 463 3142 ario
489 3067 596 3142 militi
622 3068 734 3142 modo
762 3067 954 3144 diobolum
968 3076 1153 3174 diurnum,

65 3167 182 3243 modo
209 3171 321 3243 etiam
346 3096 525 3240 §rechma
551 3163 732 3260 dabatur,
757 3166 913 3242 totidem
940 3197 988 3244 ue
1012 3199 1084 3270 pro
1101 3181 1155 3250 ci·

63 3264 259 3364 hariis¹²):
286 3267 456 3340 centurio
483 3260 654 3362 duplum,
680 3289 797 3363 eques
822 3272 888 3340 aut
912 3195 1064 3367 inpium
1089 3283 1155 3350 aut

62 3393 268 3408 ——

140 3439 170 3502 7)
190 3440 234 3492 ne
253 3433 299 3490 his
318 3436 452 3490 omnibus
471 3434 508 3488 ei.
527 3436 637 3489 Meum.
656 3433 692 3487 da
711 3433 777 3488 fort.
795 3433 864 3489 Aah.
882 3439 997 3508 passim.
1028 3441 1157 3503 Boeclch.

67 3512 84 3567 l
103 3532 131 3584 p.
152 3511 206 3565 215
224 3527 284 3580 sqq.
305 3509 381 3562 Ado.
401 3515 430 3560 et
447 3509 608 3576 Boettigsri
625 3507 837 3576 Andeulungeu
858 3527 896 3560 zu
913 3512 1090 3571 vierundzw.
1108 3537 1155 3574 ar.

67 3579 295 3655 chitologisoben
323 3579 441 3634 Vorlcc.
472 3599 499 3650 p.
530 3580 574 3633 11.
624 3577 771 3632 Plutarch.
800 3579 904 3640 Pericl.
936 3601 960 3638 ο.
986 3585 1030 3640 12.
1060 3589 1096 3644 1³
1117 3601 1157 3648 -et

64 3655 165 3728 Lepke
183 3660 296 3725 topogr.
315 3651 384 3709 Aah.
403 3672 431 3724 p.
450 3651 504 3705 426
522 3650 590 3724 sqq-l

140 3756 173 3832 8)
192 3759 265 3812 vid.
285 3755 416 3829 exempla
434 3776 478 3828 ap.
496 3755 682 3812 Voemelium
701 3757 769 3812 diss.
789 3757 825 3812 de
842 3755 952 3832 loquat.
962 3759 1005 3816 aa
1019 3764 1089 3826 ξένια
1106 3787 1155 3825 w.

62 3838 126 3893 mv.
163 3829 241 3886 Frui.
260 3829 297 3882 acl
314 3831 356 3882 M.
378 3831 456 3884 1831.

138 3937 170 4005 9)
188 3939 408 3991 chtermanu.
428 3935 464 3990 de
483 3934 563 4008 publ.
582 3934 651 3989 Aah,
670 3934 839 3990 honeribus.
875 3936 955 4009 Iaipc.
973 3937 1054 3999 leae.
1071 3942 1097 4000 8.

140 4041 191 4117 lo)
211 4043 328 4116 Ulpian.
348 4044 383 4096 ad
403 4041 553 4098 Demosth.
570 4060 598 4098 n.
616 4047 713 4106 συνταξ.
732 4064 760 4118 p.
778 4046 814 4100 5⁰
831 4046 868 4098 A.

140 4150 189 4220 ll)
210 4149 278 4203 Vid.
296 4149 425 4204 Bocchh.
443 4151 459 4203 1
475 4169 505 4222 p.
522 4151 674 4207 293-297.

141 4255 192 4328 12)
215 4259 280 4311 Hoc
301 4261 436 4330 σιτηρέσιον
459 4257 573 4313 dieitur.
608 4256 758 4312 Demosth.
781 4257 904 4332 Philipp.
927 4260 944 4312 1
966 4279 993 4331 p.
1015 4259 1060 4330 48,
1084 4263 1102 4319 3
1124 4269 1156 4321 in

69 4329 184 4402 Polycl.
206 4349 235 4402 p.
260 4329 338 4396 1209,
367 4331 408 4382 12.
433 4329 511 4396 1211,
534 4331 579 4383 22.
615 4334 766 4403 tempestae
780 4329 962 4400 vocabulum,
987 4351 1043 4406 quo
1061 4347 1156 4408 pente.

73 4403 167 4458 riores
184 4406 314 4469 utuntur,
331 4400 478 4456 veteribus
496 4403 600 4455 Atticis
618 4405 785 4457 inusitatum
804 4411 857 4464 est,
