2840 5084
234 342 260 416 o
652 330 908 412 Prooemium.

187 599 190 606 ,
239 517 435 598 consilium
476 515 655 588 momenti
687 511 867 613 nulloque
907 506 1020 584 modo
1059 535 1151 586 eum
1191 507 1331 586 littere-

238 621 290 698 ,tis
333 613 582 690 monumentis
620 607 926 709 comparendum.
991 607 1055 682 Hx
1097 605 1158 680 his
1211 609 1331 681 entem

240 740 374 790 rursus
405 713 528 810 primo
560 707 647 782 loco
680 705 891 782 censendae
917 708 1006 782 sunt
1037 713 1214 780 veterum
1240 709 1331 796 seri·

241 815 393 912 ptorum
420 805 621 907 reliquiae,
659 803 780 880 altero
809 802 896 876 loco
929 805 1225 901 inscriptiones,
1259 809 1332 876 ter·

241 912 295 984 tio
314 905 403 982 loco
422 908 573 978 nummi.
610 903 643 976 H
667 895 931 1001 scriptoribus,
957 926 1055 1001 qnos
1078 925 1216 974 omnes
1233 924 1333 972 com·

242 1028 453 1082 memorare
486 1000 670 1076 infinitum
711 1003 769 1076 est
806 1006 844 1075 et
885 1021 1233 1096 supervacaneum,
1270 1021 1335 1070 eos

244 1112 369 1178 tamen
394 1097 494 1172 houd
519 1096 590 1184 ebs
614 1123 657 1174 re
682 1099 756 1172 erit
779 1093 967 1188 indicare,
999 1098 1063 1195 qui
1096 1097 1254 1194 praeter·
1278 1119 1336 1166 ce·

244 1209 350 1276 teros
382 1223 497 1294 saepe
530 1192 643 1271 nobis
669 1190 831 1268 adeundi
857 1195 895 1268 et
919 1197 1101 1293 tanquam
1127 1193 1250 1267 testes
1275 1187 1337 1264 ad·

244 1295 406 1376 recondi
436 1293 557 1367 erunt.
606 1293 793 1391 Princeps
829 1293 993 1364 omnium
1025 1291 1241 1382 Homerus,
1278 1289 1337 1387 qui

245 1397 288 1468 ut
312 1394 476 1466 ceteram
503 1391 681 1466 heroicae
707 1390 845 1468 aetatis
869 1389 982 1463 vitam
1007 1389 1062 1460 ito
1081 1391 1199 1461 etiam
1216 1401 1337 1462 rerum

244 1487 480 1590 publicarum
506 1485 766 1562 condicionem
791 1483 1018 1559 viridissime
1044 1486 1084 1558 et
1105 1480 1336 1558 hauddubie

246 1591 358 1670 etiem
395 1588 590 1658 verissime
626 1581 793 1684 prodidit
810 1584 855 1680 ¹).
921 1583 1115 1655 Peuciora
1147 1576 1336 1658 Hesiodus

230 1674 1335 1879 ‘tttttttptttt‘ttgtt„ttttuttttttttt

245 1880 396 1952 modum
429 1880 572 1974 exigua
602 1901 673 1951 nee
698 1876 825 1972 magni
851 1875 1044 1948 momenti:
1080 1873 1336 1948 recentiorum

246 1975 372 2050 autem
396 1971 758 2063 Alexandrinorum,
790 1973 820 2042 A
852 1969 1003 2064 ollonii,
1037 1971 1241 2069 personati
1266 1969 1336 2039 (ir-

244 2071 345 2172 phei,
371 2071 507 2160 Quinti
524 2067 689 2162 Calabri,
716 1997 986 2174 Tryptiodori,
1013 2066 1185 2144 Coltuthi
1210 2063 1257 2138 de
1275 2061 1335 2137 he·

246 2172 354 2262 roica
379 2171 503 2240 aetate
528 2167 745 2244 testimonia
769 2167 1016 2246 nonmaiore
1040 2161 1118 2240 fide
1145 2163 1262 2263 digna
1286 2163 1334 2232 vi-

244 2253 526 2357 deridebent,
565 2287 675 2362 quam
717 2264 951 2360 tragicorum
983 2266 1208 2361 poetarum,
1246 2282 1334 2360 quos

247 2360 398 2442 constat
427 2363 467 2434 in
499 2356 670 2433 moribus
705 2363 818 2459 atque
849 2361 1033 2434 institutis
1065 2358 1220 2436 illorum
1245 2361 1333 2430 tem-

122 2468 125 2480 *
242 2482 382 2558 ¹porum
407 2453 741 2556 repraesentandis
766 2481 910 2530 summa
934 2453 1111 2532 libertate
1137 2481 1244 2549 usos,
1268 2475 1333 2526 nec

245 2559 324 2629 tam
366 2556 538 2628 veterum
574 2556 901 2632 monumentorum
938 2551 1051 2632 iidem
1092 2579 1206 2655 quam
1244 2551 1333 2624 artis

243 2677 340 2732 sune
371 2649 479 2750 leges
512 2654 695 2752 sequutos
727 2676 825 2725 esse.
856 2691 906 2707 -
942 2652 1215 2728 Proximorurn
1251 2650 1334 2747 post
1411 2739 1412 2742 Ἴ

247 2747 350 2827 iilam
377 2748 539 2824 aetatem
565 2747 803 2824 saeculorum
828 2747 998 2848 aequatis
1023 2753 1207 2824 memoria
1237 2741 1334 2820 nulla

247 2848 355 2922 extat
378 2849 532 2945 praeter
556 2849 782 2945 paucissima
807 2844 990 2945 quaedam
1015 2845 1221 2947 lyricorum
1245 2865 1333 2941 poe·

246 2944 370 3024 terum
409 2941 636 3040 fragmenta.
702 2941 878 3040 Septimo
919 2958 1006 3018 ante
1039 2946 1082 3020 C.
1113 2971 1151 3020 n.
1183 2935 1331 3018 saecuto

247 3044 356 3140 leges
388 3066 413 3114 a
438 3037 646 3114 Charonda
677 3041 716 3114 et
740 3037 908 3112 Zaicuco
943 3045 1108 3140 scriptae
1139 3033 1333 3140 perhiben-

159 3189 163 3198 -
248 3144 328 3210 turt
353 3136 418 3217 sed
435 3163 531 3238 quae
549 3139 727 3310 tempium
740 3161 790 3210 ex
803 3134 936 3210 horum
950 3135 1100 3237 legibus
1114 3132 1333 3236 deprompta

249 3229 350 3331 apud
384 3233 597 3307 Diodorum
662 3231 798 3308 iculum
833 3235 872 3307 et
902 3235 1091 3309 Joannem
1123 3229 1331 3310 Stobeeum

248 3332 420 3425 exstent,
453 3327 654 3406 subditicia
684 3357 770 3406 esse
795 3357 895 3406 nuno
920 3330 1068 3434 quidem
1092 3335 1133 3406 in
1159 3324 1331 3404 confesso

321 3535 414 3602 l)1)e
437 3538 551 3590 ratione
579 3556 636 3610 que
658 3538 801 3592 Homerus
830 3539 862 3592 in
886 3537 1179 3612 descriptione=vitee
1203 3535 1332 3590 heroicae

247 3615 382 3665 versatur
400 3610 438 3661 eit
457 3607 588 3662 diversae
606 3618 675 3664 sunt
691 3611 868 3678 sententies,
887 3629 974 3682 quum
993 3610 1043 3664 alii
1062 3630 1127 3664 eum
1146 3629 1216 3665 suae
1234 3603 1332 3660 aetatis

120 3697 121 3702 ’
246 3701 342 3754 mores
367 3686 397 3734 et
418 3682 551 3734 instituto
576 3684 751 3754 expressisse
775 3681 813 3734 ad
836 3700 992 3754 eorumque
1010 3683 1225 3736 similitudinem
1243 3674 1332 3730 heroi·
1391 3681 1393 3686 ’

248 3773 312 3808 cem
330 3759 452 3806 aetatem
471 3753 589 3806 finxisse
615 3754 742 3822 credent,
768 3753 817 3806 elii
836 3771 897 3808 eoru
918 3754 953 3806 eb
972 3755 1099 3808 Homero
1124 3757 1235 3824 priseae
1259 3752 1331 3801 aeta·

250 3827 288 3880 tir
307 3827 460 3894 imaginem
478 3827 601 3896 proponi
621 3827 793 3893 existiment,
812 3843 885 3896 quoe
903 3824 1005 3878 fuisset
1024 3845 1041 3879 e
1057 3826 1202 3898 prioribus
1214 3819 1331 3879 vatibus,

249 3914 322 3970 quor
344 3915 415 3950 eone
438 3895 545 3950 multos
568 3903 635 3950 ante
653 3899 809 3951 Homerum
827 3896 916 3950 inim
934 3915 1019 3950 nemo
1039 3898 1179 3966 ambigat,
1202 3901 1331 3963 tanquam

248 3987 301 4040 per
323 3985 424 4020 monus
446 3967 551 4022 tradita
575 3987 667 4042 eoque
689 3968 804 4022 facilins
828 3975 941 4022 retenta
965 3975 994 4023 et
1017 3973 1130 4023 terreto
1172 3963 1248 4038 quod
1274 3973 1330 4012 ¹1⁰ss

248 4057 391 4163 prpgpodp
408 4057 460 4126 ‘ere
479 4039 515 4092 ab
532 4041 689 4166 Homteriog
705 4047 927 4165 oeitet'ovrclepncelpe
944 4047 975 4165 pt
998 4039 1120 4166 divedrsfl
1135 4007 1226 4094 ’essem
1249 4035 1258 4086 i
1298 4045 1331 4079 ¹1⁰

406 4129 433 4163 re
451 4129 504 4164 ver
742 4141 767 4164 „
861 4145 867 4160 .
1013 4149 1018 4161 .
1169 4147 1176 4163 .
1214 4145 1221 4161 .
1321 4132 1329 4148 ·

249 4183 330 4235 Wac
365 4178 454 4234 mutin·
478 4131 601 4256 Adddqdf
616 4130 708 4238 Heli.⁰
710 4130 739 4254 Ι11,
758 4183 775 4238 l
794 4130 892 4254 Ppm
908 4129 1056 4257 :qu886
1069 4185 1106 4240 0.
1121 4127 1247 4238 {literatior
1266 4188 1329 4246 ΡΝ·

250 4252 324 4324 legg.
342 4250 502 4324 mytholog.
519 4273 547 4326 p.
566 4255 620 4312 349
638 4274 700 4328 sqq.
