2814 5080
296 324 331 397 7.
356 323 416 396 Dc
440 337 658 396 oeconomus
681 322 745 396 ra·
758 322 950 425 publicae.
1102 325 1174 402 317

87 510 152 578 tur
165 505 208 595 ⁵).
259 505 382 577 Tertii
406 506 561 603 generis
579 505 1054 604 sunt‘portoriamcrcium,
1080 533 1175 608 quae

88 597 148 675 vel
178 603 282 674 terra
307 627 470 700 peregre
495 598 674 675 advectae
699 605 738 674 in
763 606 896 678 Atticis
922 602 1016 678 soris
1040 630 1176 678 venum

85 694 333 794 dabanturfi),
369 698 429 771 vel
468 701 562 770 mari
596 702 662 772 aut
692 699 992 798 importabantur
1016 703 1083 776 aut
1107 729 1175 777 ex·

81 790 349 893 portabantur.
397 795 449 869 Et
462 795 591 868 harum
607 793 753 895 quidem
766 801 1074 899 quinquagesima
1095 805 1175 874 exi·

81 887 250 990 gebatur
263 893 311 988 ⁷),
348 892 576 994 praeterque
608 917 688 965 eam
720 892 885 970 fortasse
911 899 1022 970 etiam
1048 905 1174 972 cente·

83 991 181 1061 sima
220 986 268 1062 oh
299 1015 451 1062 usuram
481 992 617 1087 portus
648 992 714 1076 aut
747 989 970 1065 horreorum
1003 991 1173 1092 publico·

83 1111 169 1158 rum
183 1085 238 1179 ⁸):
275 1085 422 1160 illarum
448 1087 564 1186 quota
587 1111 678 1184 pars
701 1086 901 1185 pendenda
924 1087 1058 1184 suerit,
1091 1109 1180 1166 'non

82 1186 179 1255 satis
208 1185 360 1256 constat
372 1187 417 1276 9).
467 1187 624 1255 Annuus
657 1207 705 1257 cx
736 1187 1047 1285 quinquagesima
1071 1188 1173 1262 redi·

81 1285 145 1351 tus
180 1278 382 1380 aliquando
415 1277 622 1352 Andocidis
653 1283 777 1356 aetate
811 1284 971 1452 triqiuta
996 1311 1065 1358 sex
1091 1284 1174 1360 scre

83 1375 239 1450 talentis
265 1378 481 1452 constitisse
507 1373 730 1474 videtur¹⁰);
757 1376 825 1452 sed
850 1383 962 1453 aium
981 1379 1173 1457 aliistem·

109 1471 246 1548 oribus
280 1473 397 1548 luisse
422 1471 533 1546 facile
559 1477 736 1571 apparet,
773 1477 812 1549 ct
836 1502 952 1576 saepo
977 1481 1170 1579 aliquanto

79 1499 184 1644 haud
213 1569 324 1646 duhio
350 1575 470 1644 maior
493 1571 575 1646 fuit.
622 1571 707 1645 Hoc
737 1598 885 1673 quoque
909 1600 1032 1672 genus
1056 1580 1172 1651 vecti-

79 1667 226 1768 galium
251 1667 440 1768 puhlicani
467 1663 711 1762 exercebant,
735 1672 883 1744 minora
908 1671 1059 1770 singuli,
1093 1700 1171 1748 ma·

79 1770 166 1840 iora
202 1768 404 1840 societates
418 1766 475 1857 ¹¹).
541 1765 738 1864 Mancipes
769 1768 930 1858 ἅρχῶοαι,
964 1772 1172 1862 οελωνάρχαι,

80 1867 201 1938 ceteri
230 1861 403 1962 generali
437 1863 586 1936 nomine
609 1865 749 1931 τελῶναι
783 1861 968 1956 dicuntur,
998 1875 1171 1964 recepto-

79 1987 145 2040 res
177 1959 239 2034 vel
272 1967 473 2034 exactores
504 1984 575 2058 pro
601 1962 780 2060 cuiusque
806 1960 1001 2058 vectigalis
1025 1986 1170 2056 genere

79 2061 311 2148 ἓλλιμενισταλ,
357 2059 576 2146 δεκατηλόγοι,
620 2059 846 2141 εἰκοστολόγοι,
885 2062 1172 2147 πεντηκοστολόγοι.

79 2152 321 2247 Quamquam
332 2151 515 2218 minorum
529 2171 800 2245 saepenumero
814 2148 1051 2245 vectigalium
1058 2147 1170 2224 iidem

79 2249 143 2372 qni
180 2244 438 2342 redemptores
472 2245 582 2317 etiam
615 2245 815 2316 exactores
839 2240 958 2318 luisse
985 2243 1190 2320 videntum:

75 2345 176 2420 hrat
206 2348 330 2414 autem
365 2365 473 2422 omne
509 2336 581 2412 hoc
609 2364 733 2438 genus
757 2340 913 2414 Athenis
945 2367 1022 2414 non
1046 2347 1169 2419 minus

79 2468 193 2544 quam
218 2435 308 2510 alihi
335 2435 447 2534 vulgo
462 2440 620 2509 inrisum
636 2434 686 2509 oh
704 2441 899 2511 avaritiam
914 2437 1092 2512 molestas
1120 2468 1168 2518 ue

77 2540 305 2616 vexationes
321 2537 383 2632 12).
432 2533 506 2608 Rei
535 2531 708 2632 publicae
740 2561 788 2608 ne
813 2534 987 2609 damnum
1011 2466 1166 2613 fraudes

78 2737 290 2753 --—--‚

150 2853 185 2926 5)
204 2852 319 2920 faletrus
333 2849 375 2906 τοῦ
390 2850 514 2924 μετοικίου
532 2843 576 2915 (h.
595 2865 620 2900 e·
638 2845 739 2900 tributi
756 2848 974 2921 inquilinorum)
993 2863 1167 2914 memoratur

78 2950 121 3002 ap.
142 2921 400 2998 Pseudoplutarch.
428 2925 492 2975 vitt.
516 2919 548 2972 X
572 2924 656 2971 oratt
681 2931 708 2984 p·
734 2919 787 2974 sm
805 2922 840 2978 B.
882 2925 927 2976 De
947 2923 1109 2982 elocatione
1125 2931 1168 2986 τοῦ

76 2999 200 3077 πορνικοῢ
213 2999 294 3054 τέλους
309 2995 368 3049 rid.
387 2991 523 3048 Acachia.
542 2993 573 3044 in
593 2988 738 3044 Timareh.
757 3003 785 3057 Ρ.
805 2993 880 3048 134..

147 3103 184 3174 6)
199 3104 323 3160 Ἐπώνιο.
359 3100 488 3157 Boeohh.
507 3101 522 3153 1
538 3117 566 3170 p.
583 3098 646 3152 347.

147 3211 182 3282 7)
196 3211 357 3283 harpam,
378 3205 534 3274 armacani.
571 3204 678 3259 Pollux
700 3203 781 3273 vm,
806 3205 868 3262 132
902 3207 973 3263 Lex.
993 3211 1114 3282 Seguer.
1134 3228 1163 3284 p.

75 3288 138 3342 251.
177 3284 223 3340 Cf.
243 3282 370 3337 Boeolih·
387 3302 414 3354 p.
431 3281 492 3336 337.
1061 3285 1065 3292 ’

139 3389 174 3461 8)
195 3394 278 3455 Quae
296 3387 464 3460 Xenophon
484 3385 520 3439 de
537 3384 633 3438 reditt.
653 3385 712 3452 οδ,
732 3384 767 3438 12
778 3383 922 3440 aedificari
940 3389 1043 3444 suadet
1054 3391 1164 3464 δημόσια

61 3463 233 3540 ’κοταγώγιο
250 3459 292 3516 en
307 3462 479 3535 προσήκοντας
494 3457 585 3546 τόποοο
598 3456 653 3529 ὠνῇ
667 3475 692 3510 τε
709 3456 756 3508 καλ
772 3457 865 3544 apolon
880 3455 1002 3547 npdstmie
1011 3462 1163 3537 ὑπάρχουσι,

76 3531 158 3624 m
321 3527 1163 3664 Μ.λ’ῆλελώολεᾱλεο.’;”;“1“ῑ.τ.ῑ”1“ο

75 3606 347 3744 llldnllidhlelhelaadll,
365 3623 424 3730 vidl
441 3621 571 3727 illectu.
587 3621 618 3744 5,.
635 3673 689 3726 343
707 3689 769 3742 sqq.
922 3623 975 3676 'P'
1055 3642 1063 3658 .
1099 3642 1108 3669 ³

148 3785 179 3854 9)
198 3786 368 3857 Harpocrat.
385 3801 408 3836 a.
425 3801 453 3834 v.
469 3780 576 3845 luctam,
593 3783 709 3850 πέμπτην
726 3777 803 3845 dicit,
833 3778 903 3832 Lex.
923 3781 1043 3848 Seguer.
1061 3801 1089 3854 p·
1107 3784 1163 3840 255

74 3859 192 3927 εἰκοστήν.
227 3857 298 3910 Nou
316 3854 484 3908 tantundem
507 3853 630 3906 fortasse
649 3851 684 3902 de
703 3850 836 3904 omnihus
854 3851 1028 3920 exigebatur.
1067 3855 1161 3910 Etiam
1204 3860 1206 3866 '

75 3931 179 3998 δεκάτης
194 3931 332 4000 Har-poce.
351 3929 478 3980 meminit
495 3944 518 3979 s.
536 3945 565 3978 v·
583 3920 735 3979 derarevtds.

118 4037 192 4164 33lg)
207 4035 355 4163 3qudocid.
374 4035 410 4088 de
427 4039 513 4105 myst.
530 4053 559 4104 p.
577 4031 612 4086 65
630 4049 700 4103 sqq,
718 4033 748 4082 et
765 4026 868 4116 caplic.
885 4025 916 4082 h.
932 4027 953 4081 1.
972 4041 1016 4100 ap.
1027 4030 1159 4092 Boeckh.

74 4129 101 4181 p.
175 4137 205 4148 -
262 4147 269 4164 .

145 4213 193 4286 ll)
213 4213 342 4269 Boeekh.
360 4236 387 4289 p·
405 4215 468 4282 360,
487 4214 536 4284 qui
555 4218 584 4265 ct
603 4211 638 4264 de
655 4207 841 4280 sequentihus
860 4206 1052 4264 conferendus
1070 4216 1123 4266 est.

146 4321 196 4392 12)
216 4323 261 4380 cf.
280 4321 388 4378 Pollux
405 4323 458 4390 IX,
477 4319 520 4374 29.
540 4319 586 4373 31.
620 4313 769 4388 Aristoph.
785 4315 894 4386 Equilt.
913 4336 941 4373 v.
961 4315 1030 4387 248„
1073 4391 1074 4394 Ἴ
