2806 5080
319 357 391 432 loo
449 357 534 432 ΙΙΙ.
572 355 632 428 Dc
654 351 767 427 retro
785 351 951 453 publicai
973 355 1017 430 iu
1040 358 1264 434 onrmrsom.

317 543 429 618 ctiam
455 537 609 613 sanatus
635 531 808 609 consulta
832 533 972 631 valent,
997 540 1031 611 si
1049 537 1085 612 lc
1114 537 1199 616 ibus
1214 544 1379 618 contraria

317 664 402 714 esec
426 637 705 734 comperiantur
719 633 767 728 ⁵).
819 634 966 708 Contra
987 638 1027 708 in
1058 567 1242 714 adsolntis
1272 639 1377 714 demo·

317 737 447 810 cratiis
471 731 631 832 plurima
656 727 843 804 habentur
868 735 1032 823 comitia,
1062 744 1215 810 senatus
1238 741 1380 812 auetori-

316 841 377 908 tas
413 843 477 904 ant
507 825 609 902 nulla
640 836 698 902 cst
723 829 790 901 aut
814 823 1014 905 admodum
1039 836 1181 930 exigua
1195 838 1248 932 ⁶),
1279 839 1379 908 omnis

316 934 373 1006 rci
395 924 570 1027 publicae
595 923 866 1000 administratio
890 925 1021 1025 populi
1035 933 1141 1003 scitis
1159 935 1278 1030 magis
1291 958 1380 1032 quan

317 1030 606 1125 magistratuum
621 1025 813 1120 potestate
838 1026 985 1122 regitur
999 1025 1040 1116 ⁷),
1067 1049 1188 1127 neque
1205 1026 1381 1129 quidquam

314 1131 392 1200 tarn
417 1123 560 1196 certum
586 1119 645 1192 cst
670 1116 933 1222 definitumque
958 1119 1119 1221 legibus,
1153 1129 1196 1198 nt
1219 1151 1292 1198 non
1314 1124 1383 1224 plus

313 1219 454 1321 ubique
470 1214 729 1315 valeatpopoli
742 1215 938 1292 arbitrium
951 1220 998 1316 ⁸).
1022 1223 1272 1319 Magistratus
1310 1247 1382 1296 οπο

313 1323 353 1392 in
382 1313 589 1390 moderatis
620 1310 863 1388 democratiis
887 1319 1011 1394 creari
1044 1317 1177 1418 populi
1208 1346 1252 1394 su
1284 1322 1383 1418 regiis

314 1411 452 1502 solent,
476 1413 518 1484 nt
544 1408 592 1483 ad
619 1408 787 1486 honores
812 1415 954 1511 optimo
987 1417 1122 1515 cuique
1153 1419 1194 1490 ct
1225 1421 1288 1518 qui
1311 1417 1382 1488 ciri·

312 1509 386 1586 bus
422 1512 502 1584 suis
541 1510 704 1582 maxime
741 1505 929 1607 probatus
968 1509 1084 1586 luerit
1119 1517 1317 1613 pervenire
1349 1515 1383 1586 li-

313 1610 468 1700 ceat⁹)r
508 1607 547 1678 in
580 1602 766 1680 absolutis
789 1613 922 1692 ,autem
959 1611 1065 1687 sorte
1104 1614 1320 1711 capiuntur,
1351 1612 1384 1682 ot

311 1709 527 1806 prorniscue
553 1699 729 1776 omnibus
754 1699 879 1778 aditus
908 1709 1039 1803 pateat
1053 1709 1114 1805 Ψ).
1171 1707 1384 1784 iudiciorum

312 1803 472 1903 denique
513 1803 552 1872 in
591 1797 797 1876 moderatis
834 1798 1073 1880 democratiis
1112 1804 1217 1880 nulla
1257 1829 1383 1880 merces

311 1903 383 1992 ost,
409 1924 484 2000 qua
508 1921 551 1969 re
576 1898 771 1972 tenuiores
795 1896 877 1974 l'ero
903 1897 1189 1992 absterrentur:
1223 1906 1263 1978 in
1287 1900 1384 1976 alrso·

309 1997 400 2072 lutis
424 2002 548 2070 autem
575 1992 887 2092 quemadmodum
901 1994 948 2070 ad
964 2003 1182 2078 comitiatus
1191 2003 1247 2076 ita
1272 1998 1317 2074 ad
1339 2002 1384 2072 iu·

311 2093 408 2168 dicia
437 2116 589 2193 quoque
621 2091 794 2166 mercede
828 2089 919 2166 data
948 2097 1141 2172 tenuiores
1172 2097 1386 2185 alliciuntur,

308 2185 622 2384 ff⁰¹¹¹ll3ll⁰¹¹¹¹¹¹⁸
662 2195 786 2266 antem
832 2187 1025 2268 abstinero
1062 2193 1213 2270 indiciis
1252 2200 1386 2294 impune

326 2292 398 2364 'cet
430 2291 474 2358 ¹.

745 2421 776 2491 ς.
801 2400 967 2478 xxvu.

405 2537 485 2609 lam
512 2559 604 2608 vcro
629 2532 866 2622 manifestum
892 2541 950 2610 cst
973 2539 1010 2610 in
1036 2537 1103 2612 tali
1135 2537 1192 2616 rei
1227 2539 1387 2644 publicae

308 2631 444 2727 forma,
468 2630 533 2706 ubi
559 2629 661 2705 nulla
687 2630 923 2728 facultatum,
955 2635 1201 2734 prudentiae,
1239 2639 1388 2740 dignita·

307 2733 358 2805 tis
378 2735 522 2807 ratione
542 2725 673 2802 habita
693 2727 825 2802 eodem
845 2736 1254 2833 omncsiurcntantur,
1280 2743 1387 2842 ipsam

306 2826 402 2901 hanc
428 2831 521 2902 iuris
546 2823 810 2927 aequalitatem
836 2853 980 2901 summo
998 2857 1114 2931 opere
1131 2837 1301 2937 iniquam
1319 2859 1389 2910 csse

307 2927 346 3001 et
369 2928 545 3000 iniustam
561 2925 604 3022 ¹).
652 2923 750 2996 Nam
775 2949 887 3024 quom
911 2924 1040 3024 plures
1064 2925 1207 3031 ubique
1235 2958 1321 3007 esse
1337 2955 1388 3003 so·

304 3021 410 3098 lcanl
439 3045 626 3122 pauperes
666 3045 776 3120 quam
814 3017 1043 3121 locupletes,
1084 3030 1255 3128 imperiti
1293 3051 1389 3131 quan

306 3119 531 3220 prudentes,
563 3142 748 3220 quumque
785 3116 885 3218 quod
916 3117 1088 3218 pluribus
1122 3125 1316 3226 placuerit
1351 3124 1387 3197 al

379 3323 411 3394 5)
430 3325 579 3380 Demoatln
589 3328 619 3380 in
638 3327 776 3380 Aristocr.
787 3345 815 3399 p·
827 3325 893 3384 649:
912 3327 1040 3404 Ψήφισμα
1055 3331 1138 3404 μηδὲν
1152 3331 1219 3407 piu
1235 3336 1328 3408 βουλῆς
1340 3331 1391 3408 plui

306 3397 390 3470 δήμω
406 3398 488 3469 νόμον
503 3397 653 3472 κυριώτερον
669 3398 743 3452 εἶναι,

374 3500 408 3574 0)
426 3504 548 3558 Ariutot.
566 3503 629 3557 Pol·
648 3503 702 3574 w,
722 3507 767 3568 1²,
785 3505 812 3559 9.
831 3507 886 3575 VI,
907 3507 932 3577 l,
949 3507 976 3563 9.

377 3609 410 3680 l)

428 3610 470 3664 re
488 3611 544 3680 vr,
564 3611 589 3678 r,
608 3611 635 3665 e.
654 3611 690 3666 or.
709 3613 846 3682 1v‚r‚e
865 3616 894 3668 et
912 3615 956 3683 11,
974 3615 1001 3670 s.

376 3718 634 3789 o)1d.1V‚c‚a.
660 3720 703 3786 11,
720 3720 747 3774 8.
773 3720 812 3787 V,
830 3721 857 3789 l,
876 3721 903 3775 7.
923 3723 950 3784 7,
968 3721 1010 3777 lo.
1037 3723 1083 3780 Gi·
1101 3725 1179 3782 Plat·
1201 3729 1242 3786 de
1267 3749 1303 3787 re
1320 3727 1389 3807 pall.

305 3791 382 3848 vm
398 3811 427 3864 p.
445 3791 500 3846 563
518 3791 554 3847 D.
574 3790 655 3844 Orat.
674 3793 704 3844 in
723 3793 830 3846 Neaor.
849 3811 877 3863 p.
897 3793 976 3859 1³7⁵,
995 3795 1021 3850 l.

375 3894 410 3970 o)
428 3897 551 3951 Ars-tot.
569 3897 625 3963 tv,
644 3897 669 3965 7,
687 3898 715 3952 s.
735 3897 778 3968 la,
798 3900 841 3953 12.

376 4001 427 4073 10)
446 4002 489 4057 ld.
501 4003 557 4071 vl,
577 4003 602 4071 1,
620 4001 646 4058 8.
664 4030 699 4043 -
716 4007 762 4058 De
779 4003 965 4077 Pythagoreo
988 4018 1141 4084 praecepto
1163 4013 1288 4087 κυάμων
1309 4018 1390 4141 day:

1350 4109 1363 4142 ⁰
1381 4103 1390 4154 l

306 4079 387 4204 σθιέὗ,
416 4075 494 4148 quod
511 4073 549 4129 ad
572 4077 753 4130 sortitionem
776 4082 993 4148 magistratuum
1017 4087 1152 4156 pertinet,
1181 4089 1250 4142 vid.
1278 4091 1348 4144 Kri.

305 4170 333 4224 p.
387 4183 395 4202 .

220 4248 224 4260 ‘
376 4226 426 4322 11)'
444 4253 566 4307 Aristar.
583 4252 638 4318 ιν,
658 4254 684 4318 r,
702 4255 730 4308 a.

378 4355 410 4428 l)
429 4355 475 4415 (if.
495 4359 597 4415 cicero
616 4359 653 4416 cle
670 4361 799 4436 republ.
818 4363 834 4418 1
851 4383 878 4420 a.
895 4367 932 4426 24
950 4375 979 4423 at
995 4369 1038 4426 at.
