2822 5082
405 371 410 392 κ
439 339 473 406 d.
497 331 558 403 De
583 331 757 406 comitiis
1066 333 1138 409 231

50 512 175 587 contre
205 510 453 610 magistratus
483 509 531 584 nd
563 509 743 610 populum
769 509 937 604 deferre,
970 539 1067 615 quoe
1097 520 1131 590 si

47 615 216 708 acceptae
243 611 384 701 esseut,
408 605 462 680 ilii
488 611 526 680 iu
551 607 727 682 iudicium
753 612 998 705 nocerentur,
1029 615 1127 688 inte·

46 712 180 808 rimque
207 707 435 805 magistratu
460 701 567 779 abire
587 714 830 806 cogerentur.

460 885 494 964 t·
517 871 705 966 XXXIV.
741 885 742 890 '

130 1008 216 1081 Hoc
255 1005 374 1104 igitur
410 1007 572 1103 primum
617 1031 742 1103 genus
784 1003 855 1078 fuit
898 1005 1126 1086 delationum

44 1107 364 1179 accusationumrc
405 1101 452 1176 ad
499 1101 699 1202 populum,
741 1105 876 1176 eontra
921 1111 1125 1204 magistra·

42 1206 114 1276 tus:
163 1200 232 1276 sed
273 1202 427 1300 praeter
471 1197 545 1272 >bos
588 1203 700 1274 etiem
746 1199 809 1274 alii
843 1227 1124 1301 saepenumero

66 1301 194 1398 ruptor
227 1299 409 1398 graviora
449 1295 588 1370 delicta
618 1300 675 1372 rei
706 1296 807 1396 npud
839 1303 1016 1397 populum
1055 1301 1122 1374 tie.

43 1328 151 1491 baut,
197 1401 275 1470 sive
321 1398 404 1495 quis
444 1391 562 1468 iudex
603 1393 861 1470 tautummodo
909 1395 1122 1491 existebat,

44 1499 100 1596 qui
143 1491 260 1580 delati
303 1494 466 1564 criminis
513 1495 842 1591 persequutionem
885 1496 968 1592 ipse
1004 1501 1123 1570 susci·

43 1619 127 1691 pere
153 1599 220 1664 aut
249 1588 368 1663 nollet
399 1591 464 1662 out
496 1615 573 1661 uon
606 1596 757 1688 posset,
790 1594 868 1664 sive
902 1597 1123 1688 aecusator,

44 1693 100 1787 qui
129 1714 172 1762 se
203 1714 309 1761 reum
336 1690 445 1760 etiam
469 1690 513 1778 in
545 1684 683 1759 iudicio
715 1689 1030 1788 persequutorum
1062 1718 1123 1765 re·

43 1791 181 1884 ciperet
206 1787 235 1880 ¹)
326 1781 608 1856 Deierebautur
652 1785 774 1858 autem
820 1785 1003 1858 eiusmodi
1053 1791 1122 1861 im-

41 1886 166 1980 primis
191 1885 356 1971 orimine,
383 1907 479 1980 quae
506 1888 572 1953 aut
596 1885 1001 1980 proptergrovitatem
1018 1887 1123 1958 inso-

6 2039 7 2042 ,
41 1981 138 2053 litam
165 1983 231 2052 aut
283 1981 413 2076 ropter
439 1977 530 2052 elias
564 2004 700 2050 causes
731 1979 1036 2052 extraordinario
1066 1985 1122 2054 iu-

7 2111 8 2116 *
42 2075 133 2150 dicio
173 2007 398 2148 vindicando
435 2074 651 2148 viderentur
665 2076 719 2170 ²),
764 2073 823 2148 vei
863 2075 910 2148 ad
951 2081 1123 2151 senatum

5 2209 7 2248 ;
41 2173 96 2248 vel
120 2171 166 2247 ed
193 2172 431 2272 populumff).
481 2173 541 2246 De
568 2175 702 2246 senatu
715 2198 831 2272 supra
847 2171 985 2248 dietum
1003 2175 1122 2262 est⁴):

5 2307 6 2312 ¹
42 2271 83 2343 ad
109 2270 289 2370 populum
315 2297 406 2342 vero
434 2268 505 2344 boc
535 2295 659 2368 genus
691 2296 829 2342 causae
862 2273 928 2344 erut
958 2277 1123 2368 remitte:

43 2367 172 2442 bantur
206 2395 229 2440 n
258 2370 412 2458 senatu,
446 2369 512 2464 out
544 2370 670 2440 statim
705 2364 753 2440 ab
788 2375 1009 2442 accusatore
1040 2396 1123 2443 cum

43 2475 191 2540 senatus
216 2469 325 2538 venia
351 2463 636 2538 deserebantur:
663 2491 708 2538 ac
734 2463 1123 2541 videturetiumtbes-

41 2561 286 2636 motbetnrum
303 2560 432 2651 fuisse,
457 2565 512 2653 ut,
538 2565 570 2634 si
591 2566 673 2662 quis
687 2559 773 2660 quid
801 2561 849 2634 ed
876 2589 942 2636 eos
968 2561 1122 2638 detulis-

41 2665 107 2754 set,
134 2659 235 2761 quod
261 2664 334 2758 ipsi
359 2657 406 2731 nd
432 2657 563 2758 populi
588 2663 715 2758 potius
750 2662 1006 2756 cognitionem
1036 2687 1122 2760 per·

107 2867 139 2936 l)
159 2867 237 2932 Quid
257 2869 372 2920 intersit
389 2869 466 2919 inter
485 2865 622 2918 iudicium
642 2862 778 2938 (μήνυσιν)
798 2874 827 2922 et
836 2870 1048 2920 accusationem
1059 2866 1122 2936 (εἰσ-

42 2939 176 3011 cyyettar)
200 2939 260 2991 vicl.
281 2940 316 2992 dc
335 2943 442 2992 comitt.
461 2958 488 3009 p.
508 2939 558 2990 221
580 2957 622 3008 sq.
651 2939 770 2992 Heffter.
790 2960 816 3011 p.
835 2941 888 2993 234
906 2959 967 3010 sqq.
995 2940 1123 2994 Piutner.

40 3013 92 3082 lp.
110 3013 165 3066 353
183 3029 244 3082 sqq.
275 3012 387 3064 ludices
406 3029 492 3082 quum
511 3009 678 3082 plerumque
698 3021 747 3063 sut
766 3011 867 3082 culpae
886 3011 987 3062 uitiucs
1006 3020 1056 3063 eut
1073 3031 1123 3082 pe·

42 3086 212 3151 seguini-eut
231 3086 308 3136 servi
329 3091 432 3147 esseut,
452 3081 527 3154 ἀδείᾳ
547 3100 618 3152 opus
638 3089 699 3135 crat
719 3083 754 3134 od
773 3085 907 3136 iudicium
926 3081 1124 3149 deferendum,
1152 3093 1155 3100 '

40 3155 111 3206 Plut.
130 3150 237 3208 Pe'ricl.
259 3174 283 3211 o.
301 3157 347 3225 3¹,
365 3155 546 3226 probatoque
572 3170 605 3205 co
632 3157 785 3226 impunitos
811 3162 861 3207 sut
886 3157 970 3208 etium
997 3157 1125 3226 praemis

43 3225 95 3279 dari
112 3227 257 3280 solebant.

101 3334 131 3400 2)
151 3333 221 3386 Vid.
243 3351 316 3406 quoe
336 3333 371 3385 de
396 3331 536 3385 eiusmodi
556 3332 731 3398 criminibus,
750 3351 824 3404 quae
842 3329 955 3404 ἄγραφα
973 3331 1124 3404 ἀδικήματα

44 3401 145 3474 δημόσια
165 3425 183 3457 a
201 3408 393 3474 grammaticis
418 3405 474 3457 dici
497 3404 606 3469 solent,
630 3407 750 3475 exposui
776 3405 811 3456 de
837 3407 959 3457 comitiis
986 3423 1011 3475 p.
1033 3407 1123 3458 leo-

4 3525 5 3530 ,
45 3477 96 3532 ltu.
133 3477 210 3531 Add.
229 3477 330 3531 meter.
350 3478 434 3529 Proo.
454 3480 515 3529 Ate.
532 3495 561 3546 p·
580 3475 732 3531 262-264.
769 3475 889 3530 Heffter.
908 3495 937 3548 p.
956 3476 1124 3530 ult-221.

43 3549 164 3602 Plotuer.
184 3550 245 3612 11).
265 3549 430 3602 365-368.

105 3652 138 3725 3)
159 3650 231 3727 Πρὸς
243 3652 289 3720 τὴν
305 3653 397 3725 βουλὴν
412 3654 427 3721 ἢ
444 3652 489 3708 τὸν
506 3652 589 3724 δῆμον
606 3651 621 3721 ἧ
639 3651 724 3729 πρώτη
741 3651 892 3712 κατάστασις
906 3656 963 3710 ἔστι.
982 3657 1122 3726 Harpocr.

43 3743 62 3776 s.
78 3746 103 3779 v.
124 3729 281 3797 εἰσαγγελία.
320 3727 459 3798 Exempla
478 3725 673 3790 delationum,
698 3733 754 3778 tam
780 3727 911 3798 punimur
953 3746 1018 3780 uem
1037 3729 1125 3798 etcop-

41 3799 125 3866 ycbdv
151 3799 212 3851 vid.
238 3798 274 3850 de
300 3802 406 3852 comitt
432 3818 459 3869 p·
479 3797 643 3852 leo-198.
664 3799 725 3850 219.
769 3799 814 3851 Of·
839 3799 912 3855 Isse.
934 3748 973 3851 de
997 3801 1126 3851 Nicostr.

41 3867 97 3955 ber.
138 3869 208 3958 2²⁸·
236 3868 453 3942 Nonnunquam
473 3859 595 3922 me'letioi
613 3873 668 3942 ipsi
682 3869 859 3962 'deprehensi
877 3875 909 3924 iu
927 3881 1057 3923 senatum
1077 3876 1127 3922 sut

40 3941 1126 4085 {bittit'tittztdsst{bibesitttltb{tiitnittiibttii

44 4083 128 4150 vulgo
152 4088 230 4137 uotis
256 4089 340 4138 etiam
366 4091 428 4137 siue
453 4085 573 4138 alieuius
591 4087 699 4139 indicio
720 4095 769 4137 aut
789 4088 977 4139 noousctione
1002 4085 1125 4158 populus

46 4153 251 4279 iquzipitiouem
281 4157 345 4210 fieri
371 4160 457 4214 iussit
483 4176 536 4230 per
562 4155 659 4226 ζηιιμιὶς
683 4165 733 4210 eut
758 4175 810 4230 per
832 4161 1032 4232 Areopagites.
1055 4158 1125 4212 ibid.

112 4330 143 4402 d)
162 4335 231 4407 Gap.
251 4335 269 4390 3
287 4334 312 4400 §.
333 4334 377 4403 28,
397 4335 440 4388 15.
