2814 5080
306 366 342 440 s.
366 367 427 441 ne
450 363 654 465 caterpam
671 311 842 468 pairac.
1053 359 1128 437 ao
1233 419 1235 426 .

503 558 538 639 a
563 545 666 624 xor.

141 679 222 754 liae
256 680 374 778 igitur
403 680 564 754 virtutes
591 685 628 754 et
654 671 807 753 alebant
838 682 942 752 artes
974 676 1013 750 et
1042 701 1128 751 rur·

52 805 110 851 sus
141 775 189 849 ab
227 778 374 850 artibus
412 775 633 852 alebantur:
681 775 774 850 alias
810 773 969 851 libertas
998 773 1130 874 populi

52 875 238 976 formaque
284 879 342 950 rei
388 871 562 974 publicae
603 871 835 972 procreabat
874 869 1129 974 augebatque.

50 975 137 1046 Nam
171 997 282 1072 quum
316 970 440 1046 aditus
472 970 519 1044 ad
551 997 630 1044 rem
661 969 850 1070 publicam
875 972 1013 1044 nemini
1036 995 1129 1068 pro·
1234 1040 1235 1043 ,

50 1072 518 1268 tittttttllttttl
536 1093 702 1241 ttltt
722 1066 1130 1264 tlttlt‘tttit:

52 1274 145 1356 sent,
183 1261 269 1338 binc
294 1263 456 1338 honesta
482 1266 643 1337 omnium
670 1261 872 1336 aemulatio
898 1259 1130 1336 accendeba-

50 1367 117 1456 tur,
136 1364 549 1462 ,ut-qnantumpossent
566 1356 708 1434 viribus
725 1357 1008 1450 contenderent,
1032 1355 1132 1434 bene

50 1457 90 1531 de
112 1463 238 1558 patria
261 1462 397 1534 mereri
422 1458 639 1552 studerent,
679 1483 759 1531 rem
791 1459 976 1557 privatam
1002 1483 1047 1530 ac
1072 1454 1132 1530 sa·

50 1554 221 1630 miliarem
247 1562 368 1630 miuus
392 1553 473 1630 l'erc
499 1581 609 1657 quam
634 1553 821 1654 publicam
846 1557 971 1628 auimo
998 1555 1037 1628 et
1061 1581 1130 1625 vo·

49 1653 183 1727 luntate
209 1653 537 1754 amplecterentur,
563 1656 700 1754 quiquo
728 1651 839 1726 aliter
870 1678 891 1725 a
924 1653 1031 1728 erent
1055 1654 1130 1726 rei-

50 1777 113 1849 que
136 1747 312 1851 publicae
332 1769 475 1851 opera,
513 1749 696 1843 consilio,
734 1677 975 1826 facultatibus
1006 1754 1129 1823 inser-

50 1852 121 1922 vire
134 1847 389 1948 negligerent,
402 1851 531 1944 ignavi
545 1856 656 1950 atque
672 1846 824 1922 inutiles
838 1843 1067 1921 haberentur
1082 1849 1131 1942 ¹),

49 1945 137 2018 lliuc
169 1947 271 2020 domi
296 1945 499 2039 industria,
536 1945 631 2018 ioris
661 1948 884 2020 strenuitate
915 1948 954 2020 et
978 1943 1131 2019 sortitu·

51 2040 128 2115 dinc
154 2045 317 2118 civitatis
343 2070 436 2144 opes
462 2050 500 2120 et
523 2041 685 2142 gloriam
711 2040 922 2142 augebant,
955 2045 1130 2140 nactique

49 2143 154 2214 maris
213 2143 437 2240 riucipatum
474 2145 739 2242 sociorumque
778 2139 1021 2241 plurimorum
1062 2142 1131 2240 tri·
1198 2207 1201 2216 .

50 2232 150 2322 buta,
186 2167 250 2312 llis
283 2237 420 2312 divitiis
444 2265 524 2313 rem
549 2235 738 2336 publicam
765 2241 960 2318 ornariet
984 2240 1132 2336 augeri,

50 2357 150 2432 quam
175 2337 250 2434 ipsi
275 2339 446 2434 privatim
471 2333 694 2433 locupletari
708 2333 908 2410 malebant.
923 2377 971 2392 -
996 2336 1131 2437 Neque
1253 2427 1256 2436 Ι

51 2437 166 2504 tamen
191 2429 290 2506 mala
316 2433 476 2508 tacenda
500 2435 606 2526 sunt,
647 2431 783 2534 quibus
815 2430 919 2531 bona
955 2431 1020 2506 illa
1043 2458 1131 2530 per·

50 2532 161 2601 mixta
194 2537 233 2602 et
263 2556 354 2605 mox
385 2528 466 2606 l'ere
499 2529 706 2605 obscurata
744 2535 782 2605 et
814 2557 863 2629 op
892 2557 1000 2606 ressa
1027 2528 1130 2604 vide·

50 2649 141 2704 must
167 2629 361 2701 temeritas
387 2627 632 2704 multitudiuis
656 2632 697 2702 in
715 2631 848 2728 capien
877 2632 910 2702 is
925 2626 1131 2701 mutandis-

51 2747 116 2828 que
140 2723 346 2798 identidem
372 2727 601 2822 consiliis²)‚
636 2724 860 2799 insatiabilis
884 2725 1034 2825 gloriae
1061 2724 1129 2798 do·

50 2825 335 2923 minationisque
365 2827 405 2896 in
437 2828 591 2897 exteras
629 2827 800 2896 civitates
831 2822 988 2921 cupido,
1026 2827 1130 2894 inso-
1231 2907 1234 2917 ἢ

50 2915 156 2994 lentie
188 2918 370 2997 adversus
396 2919 605 3012 subiectos,
644 2917 779 3008 facilis,
799 2919 847 2992 ad
879 2923 1130 3019 suspicionem

49 3019 205 3107 animus,
235 3015 385 3120 siquid
411 3017 567 3093 allicere
591 3015 760 3092 libertati
783 3043 899 3116 posse
926 3016 1130 3108 videretur,

49 3107 127 3184 binc
153 3118 265 3187 etiam
289 3119 465 3219 ingratus
488 3143 556 3191 sae
584 3140 763 3191 enumero
787 3114 970 3188 adversus
991 3116 1131 3213 optime

50 3213 214 3303 meritum
249 3211 455 3288 calumniae
482 3143 678 3308 credulus,
720 3209 787 3302 ad,
804 3211 1129 3286 condemnandum

51 3316 254 3406 promptus,
280 3313 568 3408 magistratuum
594 3314 632 3385 et
657 3312 791 3384 ducum
818 3313 1056 3383 auctoritatis
1071 3312 1129 3382 at-

51 3427 114 3502 que
138 3408 287 3506 imperii
311 3410 359 3479 im
390 3413 530 3500 aliens,
567 3408 804 3482 adulatorum
830 3413 869 3482 ct
894 3406 1130 3506 demagogo·
1173 3489 1181 3504 ,

50 3523 125 3574 rum
161 3501 306 3576 artibus
334 3433 535 3582 obnoxius.
584 3509 710 3609 Atque
735 3503 828 3579 baec
854 3508 1035 3606 imprimis
1062 3530 1128 3604 pe·

49 3599 111 3670 slis
149 3625 229 3674 rem
271 3599 457 3702 publicam
499 3606 649 3704 penitus
688 3606 859 3703 corrupit
885 3611 1127 3701 'veteremque

48 3716 187 3770 morum
211 3696 422 3774 bonitatem
447 3699 625 3797 foedavit,
652 3726 776 3802 quum,
803 3704 866 3801 qui
885 3696 985 3800 apud
1004 3697 1127 3772 bonos

48 3869 239 3890 ᾖ..

22 3935 24 3938 ’
47 3935 74 3986 iu
91 3941 240 3994 tonstrinis
260 3940 381 4014 aliisque
398 3941 525 3998 tabernis
543 3943 801 3999 confabulationes.
837 3941 882 3998 of.
900 3943 963 3995 intt
981 3939 1019 3995 ad
1035 3941 1137 3999 Arist„

47 4005 118 4064 Plut.
138 4030 166 4064 v.
185 4013 249 4067 338.
267 4014 304 4066 ad
323 4014 466 4087 Tbeopbr.
487 4015 564 4070 abar·
582 4036 606 4071 o.
622 4020 650 4072 5.
669 4016 795 4071 Dorvill.
813 4013 850 4068 ad
869 4012 978 4068 charit.
996 4033 1024 4086 pq
1042 4014 1111 4068 275.

101 4104 352 4190 '1)'rhucyd.11,
370 4121 415 4176 37.
434 4124 478 4178 to.
514 4121 589 4177 Plat.
608 4125 724 4179 Menex.
742 4141 767 4176 o.
782 4122 808 4177 8.

109 4221 142 4293 2)
162 4225 329 4296 Ταχόβουλοι,
351 4226 510 4298 auson»,
532 4229 685 4299 κακόβουλοι
700 4229 894 4284 Athenienses
912 4230 1017 4299 passim
1037 4247 1055 4282 a
1073 4247 1121 4282 oo·

46 4291 119 4346 micis
143 4295 221 4352 dicti.
258 4299 327 4356 vid.
350 4299 495 4372 Aristopb.
517 4301 641 4358 Acbarn.
662 4322 692 4357 v.
715 4303 777 4362 637.
795 4300 858 4358 339.
894 4301 993 4357 Nubb.
1011 4321 1040 4357 v.
1058 4302 1119 4358 558.

45 4357 147 4434 Equa.
163 4387 193 4424 v.
211 4369 292 4426 1051.
325 4369 437 4428 Boules.
454 4390 484 4428 v.
501 4372 567 4430 437.
