2840 5084
276 343 327 420 78
409 339 497 420 lll-
533 339 594 414 De
617 336 731 412 retus
747 332 914 439 publicis
937 338 981 412 in
1003 337 1232 416 unebertum.

279 529 408 603 sicum
446 524 487 600 et
522 515 709 625 equestris
742 513 876 594 militie
918 515 1203 618 significentur,
1242 527 1354 601 tamen

279 649 393 728 quum
418 621 500 698 fere
526 646 621 722 opes
644 621 683 694 in
706 613 841 690 iisdem
864 613 1045 715 gentibus
1059 614 1264 694 aciamiliis
1278 649 1356 696 ecn-

278 722 426 797 servari
451 716 632 811 solerent,
656 715 817 815 propter
843 711 939 789 banc
954 716 1075 884 ipsam
1090 741 1242 792 causam
1258 721 1357 794 etism

278 823 466 910 γεωμόρων,
503 817 693 904 inanimae
728 815 767 885 et
797 812 924 882 ἱππέων
987 812 1192 888 credituris
1224 819 1358 891 exstitit

282 911 476 986 nobilitas.
525 911 581 982 Ac
612 933 758 1008 paucae
793 905 883 982 olim
914 912 1024 984 erant
1057 911 1247 1006 civitates,
1278 939 1358 1014 qua·

279 1034 364 1083 rum
398 1033 473 1080 non
502 1007 540 1078 in
573 1009 680 1104 agris
711 1006 949 1105 potissimum
981 1033 1077 1106 opes
1108 1012 1357 1086 consisterent.

281 1103 358 1181 Ubi
369 1107 494 1178 autem
520 1100 784 1180 efflorescente
809 1111 1024 1178 mercatura
1048 1102 1238 1208 rebusque
1262 1111 1359 1182 mari·

279 1206 381 1278 timis
412 1197 513 1276 alind
538 1226 665 1299 genus
696 1199 908 1274 divitiarum
934 1205 1059 1276 ortum
1085 1205 1164 1297 esi,
1199 1203 1245 1278 ad
1271 1202 1360 1306 quod

281 1297 483 1376 cuiuslibet
513 1296 702 1372 industria
736 1300 775 1373 et
799 1295 971 1372 sollertia
996 1297 1143 1372 facilius
1175 1305 1360 1418 pervenire

280 1400 434 1498 posset,
460 1392 536 1490 ibi,
597 1403 817 1498 osteaquam
842 1395 950 1469 multi
983 1400 1139 1495 praeter
1171 1395 1360 1474 lundornm

280 1515 528 1596 possessores
579 1481 663 1566 it'ati
687 1498 808 1586 erant,
832 1501 1041 1586 τιμοκρατίαν
1066 1519 1097 1570 s.
1120 1498 1361 1589 πλουτοκρατίαν

284 1594 449 1669 existere
486 1615 643 1664 necesse
682 1593 764 1664 eret
796 1586 1000 1678 eiusmodi,
1041 1615 1138 1690 quae
1177 1618 1199 1666 e
1240 1615 1361 1665 censos

282 1684 543 1788 magnitudine
556 1691 690 1761 civium
703 1691 787 1760 iura
801 1684 974 1759 deliniret
987 1687 1038 1780 ³):
1057 1686 1171 1788 idque
1182 1687 1361 1788 aliquanto

281 1788 464 1862 maturius
490 1798 602 1886 quam
626 1789 666 1860 in
691 1787 775 1884 ipsa
801 1783 964 1856 Graecia
988 1787 1027 1856 in
1053 1788 1215 1860 coloniis
1241 1789 1362 1878 evenit,

282 1888 420 1986 quippe
445 1887 484 1956 in
510 1880 648 1986 quibus
672 1883 888 1957 mercatura
923 1906 1091 1984 opesque
1122 1885 1235 1956 eitius
1267 1879 1363 1956 etilo·

281 1987 496 2074 rescercni,
531 1982 746 2082 multaeque
780 2003 912 2054 earum
945 2005 1145 2052 causarum
1186 1979 1362 2072 deessent,

282 2085 379 2180 qu'ae
419 2075 671 2153 hereditariae
703 2078 877 2175 stirpium
910 2073 1122 2150 nobilitatis
1193 2081 1362 2154 olentium

281 2188 319 2252 et
344 2179 607 2250 anctoritatem
632 2179 671 2248 in
698 2176 863 2248 Graecia
895 2171 1036 2248 diutius
1068 2105 1361 2267 stabiliebantl).

281 2277 325 2348 ln
347 2277 397 2347 iis
422 2277 548 2346 antem
573 2271 799 2365 civitatibus,
825 2295 920 2372 quas
946 2270 1103 2346 devictis
1127 2277 1165 2345 in
1181 2272 1362 2373 Pelopon-

281 2397 375 2445 neso
401 2369 564 2444 Achaeis
590 2371 800 2442 Dorienses
825 2371 1080 2462 instituerunt,
1105 2395 1243 2446 norum
1259 2369 1362 2472 quod-

282 2469 366 2543 dam
400 2491 524 2568 genus
554 2465 807 2541 hereditariae
840 2465 1050 2542 nobilitatis
1085 2491 1135 2541 ex
1166 2493 1214 2542 eo
1251 2473 1362 2543 ortum

281 2571 360 2659 est,
384 2563 493 2666 {quod
525 2568 689 2638 victores
720 2566 949 2664 potestatem
981 2567 1021 2637 iu
1054 2589 1097 2639 re
1129 2563 1284 2664 publica
1307 2566 1364 2639 aut

281 2689 428 2739 omnem
453 2663 519 2735 ant
543 2661 761 2764 pleramque
794 2665 866 2737 sibi
896 2665 1051 2763 suisque
1083 2667 1253 2762 posteris
1281 2689 1363 2764 pro·

279 2765 402 2862 priam
440 2758 631 2853 fecerunt,
674 2755 866 2835 veteribus
902 2764 1038 2834 incolis
1071 2764 1109 2833 in
1143 2759 1363 2836 deteriorem

280 2857 539 2934 condicionem
564 2854 725 2932 abiectis
738 2858 784 2950 ⁵).
831 2859 965 2959 Neque
990 2853 1192 2932 admodum
1217 2856 1365 2934 dissimi-

279 2955 327 3031 lis
352 2953 532 3030 nobilitas
558 2959 671 3030 etiam
696 2957 735 3028 in
761 2953 921 3028 coloniis
955 2953 1179 3056 quibusdam
1216 2955 1365 3046 exstitit,

280 3081 393 3156 qnnm
420 3057 483 3155 qui
510 3057 619 3173 primi
645 3080 666 3128 e
693 3050 895 3152 metropoli
920 3050 1072 3128 deducti
1097 3055 1209 3128 erant
1224 3053 1365 3128 borum·

282 3177 355 3252 que
379 3154 527 3250 posteri
551 3147 821 3252 rempublicam
846 3148 920 3224 soli
945 3147 1275 3245 administrabant,
1304 3174 1364 3226 ex·

279 3294 482 3311 m

351 3355 382 3424 3)
400 3359 477 3413 Hinc
494 3361 536 3414 rei
554 3359 687 3433 publicae
706 3361 853 3433 principes
871 3355 897 3414 el
912 3357 1033 3424 πλούσιοι,
1051 3357 1077 3416 ol
1091 3355 1120 3416 ε’
1219 3360 1247 3416 ol
1262 3353 1294 3414 ui
1305 3353 1365 3432 χρῆ·

282 3447 356 3504 ματα
373 3433 476 3501 ἔχοντες,
494 3434 619 3488 Peucen.
636 3435 687 3501 111,
706 3437 732 3500 8,
751 3434 778 3488 2.
797 3431 822 3486 ct
838 3437 939 3504 παχέες.
976 3433 1118 3488 Herodot.
1166 3433 1247 3502 ,ὅθι
1275 3447 1366 3502 qnam·

302 3521 376 3561 uam,
393 3501 464 3556 baec
486 3506 604 3558 nomina
632 3504 668 3558 de
692 3513 815 3578 utroque
839 3522 946 3574 genere
970 3503 1134 3558 diviliarum
1159 3503 1216 3558 dici
1243 3505 1365 3576 possunt.

280 3522 405 3628 deorsus
429 3577 540 3628 incerte
562 3584 658 3630 utrum
682 3576 719 3630 ad
742 3577 857 3646 generis
881 3576 1060 3630 nobilitatem
1085 3595 1122 3628 an
1148 3575 1185 3628 ad
1208 3575 1367 3630 divitiarum

280 3645 421 3700 bonorem
440 3649 612 3720 pertineant,
631 3647 704 3702 baec
721 3655 805 3702 suni:
823 3647 848 3701 el
864 3649 1005 3723 γνώριμοι,
1031 3649 1057 3703 oi
1073 3649 1200 3711 ἐπιεικεῖς,
1225 3649 1252 3702 oi
1265 3647 1366 3719 χαρίεν-

279 3734 324 3784 πς,
347 3721 373 3773 ot
395 3715 504 3794 ἄρκτων,
528 3721 555 3774 cl
576 3719 651 3774 sabi
672 3718 793 3792 κάγαθοὶ
816 3717 939 3792 aliaque,
959 3738 1080 3792 quorum
1102 3717 1234 3790 exempla
1253 3719 1311 3770 vid.
1329 3733 1369 3786 sp.

280 3792 433 3845 Kortuem.
474 3830 479 3840 .
500 3792 535 3846 14
553 3811 595 3864 sq.
614 3789 820 3846 Wacbsmutb.
842 3793 864 3854 l,
883 3795 901 3844 2
918 3811 946 3864 p.
967 3793 1029 3846 4³9.
1049 3790 1232 3861 wesseling.
1242 3790 1279 3842 nd
1288 3785 1367 3843 Diod.

280 3871 351 3917 tom.
369 3866 385 3917 1
402 3884 429 3935 p.
449 3812 513 3921 lbi.
542 3863 629 3919 Held.
648 3865 686 3917 ad
704 3859 849 3918 Plutarch.
873 3862 978 3917 Timol.
999 3883 1027 3935 p.
1044 3865 1108 3918 310·
1138 3861 1184 3920 (ll.
1204 3869 1235 3916 et
1252 3863 1367 3914 Aricini.

279 3935 368 3990 Polit.
386 3937 442 3996 lv,
466 3937 492 4005 6,
517 3937 550 3991 2.-
578 3935 695 3990 o‘oxor'imr
711 3937 780 4006 ἔχειν
795 3935 821 3989 oi
837 3930 938 4008 ’ὅποροι
954 3927 993 3989 clv
1010 3933 1096 3990 trem
1113 3935 1138 3990 ot
1154 3931 1301 3990 dotum
1316 3927 1368 3983 tivi·

197 4053 199 4060 ,
280 4005 377 4096 mico,
401 4006 465 4063 iter
488 4008 536 4063 καὶ
555 4005 649 4067 acinis
667 4007 717 4064 ani
738 4003 858 4081 dyciois
880 4005 929 4062 sal
954 4011 1103 4083 γνορῐμοοο
1127 4007 1223 4064 dnus
1241 4005 1368 4080 ’προπον-

281 4275 310 4328 Ρ.
327 4181 392 4310 ’1443
405 4185 450 4242 cf.
469 4185 507 4240 Η.
525 4185 596 4256 Leo,
614 4187 725 4242 Hister.
744 4189 827 4242 univ.
844 4187 860 4242 1
876 4205 905 4259 p.
925 4184 987 4242 189.
1010 4187 1138 4242 Haeren-
1154 4183 1255 4242 idean.
1272 4181 1329 4250 111,
1354 4175 1369 4232 l

350 4359 383 4430 5)
403 4363 472 4428 Vid.
492 4365 627 4422 Mueller.
646 4369 718 4423 Dor.
736 4366 766 4420 11
783 4385 812 4438 p.
829 4363 962 4422 21-32.
980 4363 1027 4420 5³.
1045 4363 1081 4419 57
1099 4381 1143 4437 sq·
