<?xml version="1.0" encoding="UTF-8"?>
<!DOCTYPE html PUBLIC "-//W3C//DTD XHTML 1.0 Transitional//EN"
    "http://www.w3.org/TR/xhtml1/DTD/xhtml1-transitional.dtd">
<html xmlns="http://www.w3.org/1999/xhtml" xml:lang="en" lang="en">
 <head>
  <title>
</title>
<meta http-equiv="Content-Type" content="text/html;charset=utf-8" />
  <meta name='ocr-system' content='tesseract 3.04.00' />
  <meta name='ocr-capabilities' content='ocr_page ocr_carea ocr_par ocr_line ocrx_word'/>
</head>
<body>
  <div class='ocr_page' id='page_1' title='image "./antiquitatesiur00schogoog_0272.png"; bbox 0 0 2822 5082; ppageno 0'>
   <div class='ocr_carea' id='block_1_1' title="bbox 355 321 1218 482">
    <p class='ocr_par' dir='ltr' id='par_1_1' title="bbox 355 321 1218 482">
     <span class='ocr_line' id='line_1_1' title="bbox 355 321 1218 482; baseline 0.012 -31"><span class='ocrx_word' id='word_1_1' title='bbox 355 379 392 451; x_wconf 81' lang='lat' dir='ltr'>a</span> <span class='ocrx_word' id='word_1_2' title='bbox 418 380 477 452; x_wconf 71' lang='lat' dir='ltr'>na</span> <span class='ocrx_word' id='word_1_3' title='bbox 500 321 803 472; x_wconf 52' lang='lat' dir='ltr'>magian-acam.</span> <span class='ocrx_word' id='word_1_4' title='bbox 942 371 963 482; x_wconf 49' lang='grc' dir='ltr'><em>ς</em></span> <span class='ocrx_word' id='word_1_5' title='bbox 1022 343 1128 462; x_wconf 66' lang='lat' dir='ltr'>vsaaca.</span> <span class='ocrx_word' id='word_1_6' title='bbox 1212 374 1218 388; x_wconf 75' lang='grc'><em>“</em></span> 
     </span>
    </p>
   </div>
   <div class='ocr_carea' id='block_1_2' title="bbox 4 557 1214 2509">
    <p class='ocr_par' dir='ltr' id='par_1_2' title="bbox 4 557 1214 2509">
     <span class='ocr_line' id='line_1_2' title="bbox 44 557 1118 666; baseline 0.01 -30"><span class='ocrx_word' id='word_1_7' title='bbox 44 559 170 659; x_wconf 87' lang='lat' dir='ltr'>templo</span> <span class='ocrx_word' id='word_1_8' title='bbox 202 561 415 654; x_wconf 67' lang='lat' dir='ltr'>facerem),</span> <span class='ocrx_word' id='word_1_9' title='bbox 438 562 482 633; x_wconf 89' lang='lat' dir='ltr'>ut</span> <span class='ocrx_word' id='word_1_10' title='bbox 514 557 674 636; x_wconf 88' lang='lat' dir='ltr'>donaria</span> <span class='ocrx_word' id='word_1_11' title='bbox 704 561 871 666; x_wconf 85' lang='lat' dir='ltr'>eliasque</span> <span class='ocrx_word' id='word_1_12' title='bbox 905 561 1118 648; x_wconf 84' lang='lat' dir='ltr'>oblationes</span> 
     </span>
     <span class='ocr_line' id='line_1_3' title="bbox 44 657 1115 757; baseline 0.009 -25"><span class='ocrx_word' id='word_1_13' title='bbox 44 663 249 757; x_wconf 77' lang='lat' dir='ltr'>acciperent</span> <span class='ocrx_word' id='word_1_14' title='bbox 283 662 361 732; x_wconf 88' lang='lat' dir='ltr'>suis</span> <span class='ocrx_word' id='word_1_15' title='bbox 388 685 435 732; x_wconf 91' lang='lat' dir='ltr'>ue</span> <span class='ocrx_word' id='word_1_16' title='bbox 461 657 565 730; x_wconf 87' lang='lat' dir='ltr'>locis&#39;</span> <span class='ocrx_word' id='word_1_17' title='bbox 580 668 822 757; x_wconf 74' lang='lat' dir='ltr'>reponerent,</span> <span class='ocrx_word' id='word_1_18' title='bbox 847 667 890 736; x_wconf 93' lang='lat' dir='ltr'>ut</span> <span class='ocrx_word' id='word_1_19' title='bbox 914 665 1029 740; x_wconf 84' lang='lat' dir='ltr'>aedes</span> <span class='ocrx_word' id='word_1_20' title='bbox 1054 695 1115 742; x_wconf 89' lang='lat' dir='ltr'>sa·</span> 
     </span>
     <span class='ocr_line' id='line_1_4' title="bbox 44 685 1116 862; baseline 0.01 -33"><span class='ocrx_word' id='word_1_21' title='bbox 44 783 117 830; x_wconf 88' lang='lat' dir='ltr'>cras</span> <span class='ocrx_word' id='word_1_22' title='bbox 129 758 340 846; x_wconf 86' lang='lat' dir='ltr'>tuerentur,</span> <span class='ocrx_word' id='word_1_23' title='bbox 358 685 516 856; x_wconf 70' lang='lat' dir='ltr'>(lenique</span> <span class='ocrx_word' id='word_1_24' title='bbox 530 759 574 828; x_wconf 91' lang='lat' dir='ltr'>ut</span> <span class='ocrx_word' id='word_1_25' title='bbox 591 753 735 830; x_wconf 88' lang='lat' dir='ltr'>reditus</span> <span class='ocrx_word' id='word_1_26' title='bbox 749 759 875 858; x_wconf 88' lang='lat' dir='ltr'>templi</span> <span class='ocrx_word' id='word_1_27' title='bbox 893 761 1116 862; x_wconf 67' lang='lat' dir='ltr'>colligerent</span> 
     </span>
     <span class='ocr_line' id='line_1_5' title="bbox 43 850 1114 952; baseline 0.009 -27"><span class='ocrx_word' id='word_1_28' title='bbox 43 860 72 925; x_wconf 90' lang='lat' dir='ltr'>ct</span> <span class='ocrx_word' id='word_1_29' title='bbox 99 852 409 945; x_wconf 63' lang='lat' dir='ltr'>custodia-anun:</span> <span class='ocrx_word' id='word_1_30' title='bbox 450 878 559 952; x_wconf 86' lang='lat' dir='ltr'>qnam</span> <span class='ocrx_word' id='word_1_31' title='bbox 600 850 760 928; x_wconf 86' lang='lat' dir='ltr'>obrem</span> <span class='ocrx_word' id='word_1_32' title='bbox 793 861 988 949; x_wconf 81' lang='lat' dir='ltr'>rationes,¹</span> <span class='ocrx_word' id='word_1_33' title='bbox 1015 865 1114 948; x_wconf 81' lang='lat' dir='ltr'>uta</span> 
     </span>
     <span class='ocr_line' id='line_1_6' title="bbox 41 947 1214 1057; baseline 0.011 -34.602"><span class='ocrx_word' id='word_1_34' title='bbox 41 947 327 1049; x_wconf 82' lang='lat' dir='ltr'>magistratibus,</span> <span class='ocrx_word' id='word_1_35' title='bbox 351 952 405 1022; x_wconf 90' lang='lat' dir='ltr'>ita</span> <span class='ocrx_word' id='word_1_36' title='bbox 432 953 542 1022; x_wconf 88' lang='lat' dir='ltr'>etiam</span> <span class='ocrx_word' id='word_1_37' title='bbox 569 976 592 1021; x_wconf 89' lang='lat' dir='ltr'>a</span> <span class='ocrx_word' id='word_1_38' title='bbox 624 950 886 1027; x_wconf 87' lang='lat' dir='ltr'>sacerdotibus</span> <span class='ocrx_word' id='word_1_39' title='bbox 913 965 1113 1057; x_wconf 72' lang='lat' dir='ltr'><strong>quotannis</strong></span> <span class='ocrx_word' id='word_1_40' title='bbox 1208 960 1214 972; x_wconf 81' lang='grc'><em>“</em></span> 
     </span>
     <span class='ocr_line' id='line_1_7' title="bbox 40 1045 1202 1247; baseline 0.009 -30.669"><span class='ocrx_word' id='word_1_41' title='bbox 40 1045 1111 1247; x_wconf 51' lang='lat' dir='ltr'>{ticlitttatbtfflll¹¹ttt⁰llt¹¹‘littt&#39;lib</span> <span class='ocrx_word' id='word_1_42' title='bbox 1200 1219 1202 1232; x_wconf 86' lang='grc'>,</span> 
     </span>
     <span class='ocr_line' id='line_1_8' title="bbox 4 1239 1111 1346; baseline 0.01 -34"><span class='ocrx_word' id='word_1_43' title='bbox 4 1289 5 1292; x_wconf 57' lang='lat'><em>=</em></span> <span class='ocrx_word' id='word_1_44' title='bbox 39 1251 136 1316; x_wconf 89' lang='lat' dir='ltr'>crant</span> <span class='ocrx_word' id='word_1_45' title='bbox 161 1243 346 1316; x_wconf 75' lang='lat' dir='ltr'>redituum</span> <span class='ocrx_word' id='word_1_46' title='bbox 378 1239 603 1314; x_wconf 83' lang='lat' dir='ltr'>collectores</span> <span class='ocrx_word' id='word_1_47' title='bbox 634 1245 951 1346; x_wconf 84' lang='lat' dir='ltr'>pecuniarumqus</span> <span class='ocrx_word' id='word_1_48' title='bbox 983 1254 1111 1324; x_wconf 88' lang='lat' dir='ltr'>custo·</span> 
     </span>
     <span class='ocr_line' id='line_1_9' title="bbox 4 1337 1111 1438; baseline 0.013 -29"><span class='ocrx_word' id='word_1_49' title='bbox 4 1355 5 1358; x_wconf 75' lang='grc'>’</span> <span class='ocrx_word' id='word_1_50' title='bbox 37 1337 96 1410; x_wconf 89' lang='lat' dir='ltr'>des</span> <span class='ocrx_word' id='word_1_51' title='bbox 120 1365 166 1413; x_wconf 89' lang='lat' dir='ltr'>ac</span> <span class='ocrx_word' id='word_1_52' title='bbox 192 1337 543 1438; x_wconf 57' lang='lat' dir='ltr'>dispensatoresffl).</span> <span class='ocrx_word' id='word_1_53' title='bbox 592 1337 669 1434; x_wconf 89' lang='lat' dir='ltr'>Ipsi</span> <span class='ocrx_word' id='word_1_54' title='bbox 694 1346 818 1412; x_wconf 90' lang='lat' dir='ltr'>autem</span> <span class='ocrx_word' id='word_1_55' title='bbox 844 1344 1064 1418; x_wconf 88' lang='lat' dir='ltr'>sacerdotes</span> <span class='ocrx_word' id='word_1_56' title='bbox 1089 1375 1111 1424; x_wconf 89' lang='lat' dir='ltr'>e</span> 
     </span>
     <span class='ocr_line' id='line_1_10' title="bbox 4 1433 1109 1536; baseline 0.008 -28"><span class='ocrx_word' id='word_1_57' title='bbox 4 1459 6 1490; x_wconf 70' lang='lat'><em>³</em></span> <span class='ocrx_word' id='word_1_58' title='bbox 36 1436 251 1536; x_wconf 87' lang='lat' dir='ltr'>templorum</span> <span class='ocrx_word' id='word_1_59' title='bbox 278 1433 461 1507; x_wconf 70' lang='lat' dir='ltr'>reditibus</span> <span class='ocrx_word' id='word_1_60' title='bbox 486 1435 740 1534; x_wconf 78' lang='lat' dir='ltr'>imprimisque</span> <span class='ocrx_word' id='word_1_61' title='bbox 766 1439 991 1514; x_wconf 88' lang='lat' dir='ltr'>esacriticiis</span> <span class='ocrx_word' id='word_1_62' title='bbox 1008 1443 1109 1517; x_wconf 85' lang='lat' dir='ltr'>aliis-</span> 
     </span>
     <span class='ocr_line' id='line_1_11' title="bbox 4 1531 1145 1632; baseline 0.006 -29"><span class='ocrx_word' id='word_1_63' title='bbox 4 1551 6 1588; x_wconf 76' lang='grc' dir='ltr'><em>ῑ</em></span> <span class='ocrx_word' id='word_1_64' title='bbox 36 1558 100 1632; x_wconf 90' lang='lat' dir='ltr'>que</span> <span class='ocrx_word' id='word_1_65' title='bbox 125 1531 379 1608; x_wconf 69' lang='lat' dir='ltr'>oblationibus</span> <span class='ocrx_word' id='word_1_66' title='bbox 402 1533 548 1629; x_wconf 82' lang='lat' dir='ltr'>perlem</span> <span class='ocrx_word' id='word_1_67' title='bbox 571 1555 677 1603; x_wconf 79' lang='lat' dir='ltr'>stram</span> <span class='ocrx_word' id='word_1_68' title='bbox 694 1533 964 1632; x_wconf 80' lang='lat' dir='ltr'>percipiebant,</span> <span class='ocrx_word' id='word_1_69' title='bbox 987 1544 1030 1608; x_wconf 74' lang='lat' dir='ltr'>cd</span> <span class='ocrx_word' id='word_1_70' title='bbox 1053 1566 1111 1610; x_wconf 73' lang='lat' dir='ltr'>rc·</span> <span class='ocrx_word' id='word_1_71' title='bbox 1144 1615 1145 1618; x_wconf 50' lang='lat'>,</span> 
     </span>
     <span class='ocr_line' id='line_1_12' title="bbox 4 1627 1110 1730; baseline 0.014 -34"><span class='ocrx_word' id='word_1_72' title='bbox 4 1681 6 1687; x_wconf 89' lang='lat'><em>.</em></span> <span class='ocrx_word' id='word_1_73' title='bbox 33 1629 250 1724; x_wconf 62' lang='lat' dir='ltr'>pccapevffl),</span> <span class='ocrx_word' id='word_1_74' title='bbox 277 1654 373 1730; x_wconf 91' lang='lat' dir='ltr'>quae</span> <span class='ocrx_word' id='word_1_75' title='bbox 407 1627 499 1728; x_wconf 70' lang='lat' dir='ltr'>quin,</span> <span class='ocrx_word' id='word_1_76' title='bbox 531 1631 623 1700; x_wconf 86' lang='lat' dir='ltr'>salis</span> <span class='ocrx_word' id='word_1_77' title='bbox 654 1627 756 1702; x_wconf 88' lang='lat' dir='ltr'>lenta</span> <span class='ocrx_word' id='word_1_78' title='bbox 782 1629 921 1705; x_wconf 86' lang='lat' dir='ltr'>luerint</span> <span class='ocrx_word' id='word_1_79' title='bbox 949 1638 988 1708; x_wconf 92' lang='lat' dir='ltr'>in</span> <span class='ocrx_word' id='word_1_80' title='bbox 1022 1637 1110 1712; x_wconf 76' lang='lat' dir='ltr'>reli-</span> 
     </span>
     <span class='ocr_line' id='line_1_13' title="bbox 34 1719 1109 1829; baseline 0.012 -29"><span class='ocrx_word' id='word_1_81' title='bbox 34 1725 261 1826; x_wconf 83' lang='lat' dir='ltr'>giosioribus</span> <span class='ocrx_word' id='word_1_82' title='bbox 287 1724 433 1826; x_wconf 78' lang='lat' dir='ltr'>quiclcm</span> <span class='ocrx_word' id='word_1_83' title='bbox 459 1719 576 1814; x_wconf 84' lang='lat' dir='ltr'>senis,</span> <span class='ocrx_word' id='word_1_84' title='bbox 609 1721 772 1799; x_wconf 82' lang='lat' dir='ltr'>dubitari</span> <span class='ocrx_word' id='word_1_85' title='bbox 801 1753 877 1801; x_wconf 92' lang='lat' dir='ltr'>non</span> <span class='ocrx_word' id='word_1_86' title='bbox 910 1740 1038 1828; x_wconf 89' lang='lat' dir='ltr'>potest</span> <span class='ocrx_word' id='word_1_87' title='bbox 1049 1736 1109 1829; x_wconf 83' lang='lat'><strong>²⁵).</strong></span> 
     </span>
     <span class='ocr_line' id='line_1_14' title="bbox 5 1820 1109 1928; baseline 0.007 -29"><span class='ocrx_word' id='word_1_88' title='bbox 5 1835 6 1838; x_wconf 73' lang='grc'>’</span> <span class='ocrx_word' id='word_1_89' title='bbox 35 1829 204 1900; x_wconf 80' lang='lat' dir='ltr'>Ceterum</span> <span class='ocrx_word' id='word_1_90' title='bbox 229 1820 380 1921; x_wconf 83' lang='lat' dir='ltr'>publica</span> <span class='ocrx_word' id='word_1_91' title='bbox 405 1845 572 1908; x_wconf 83' lang='lat' dir='ltr'>mamere,</span> <span class='ocrx_word' id='word_1_92' title='bbox 598 1821 697 1894; x_wconf 84' lang='lat' dir='ltr'>velut</span> <span class='ocrx_word' id='word_1_93' title='bbox 721 1822 892 1917; x_wconf 86' lang='lat' dir='ltr'>militiae,</span> <span class='ocrx_word' id='word_1_94' title='bbox 926 1833 969 1900; x_wconf 90' lang='lat' dir='ltr'>ut</span> <span class='ocrx_word' id='word_1_95' title='bbox 992 1832 1109 1928; x_wconf 91' lang='lat' dir='ltr'>pluri-</span> 
     </span>
     <span class='ocr_line' id='line_1_15' title="bbox 4 1915 1111 2021; baseline 0.003 -26"><span class='ocrx_word' id='word_1_96' title='bbox 4 1949 123 1996; x_wconf 49' lang='lat' dir='ltr'>¹mum</span> <span class='ocrx_word' id='word_1_97' title='bbox 147 1925 292 2020; x_wconf 86' lang='lat' dir='ltr'>pariter</span> <span class='ocrx_word' id='word_1_98' title='bbox 324 1945 407 1992; x_wconf 92' lang='lat' dir='ltr'>oum</span> <span class='ocrx_word' id='word_1_99' title='bbox 438 1916 593 2018; x_wconf 88' lang='lat' dir='ltr'>reliquis</span> <span class='ocrx_word' id='word_1_100' title='bbox 625 1915 770 1992; x_wconf 80' lang='lat' dir='ltr'>civibus</span> <span class='ocrx_word' id='word_1_101' title='bbox 803 1918 1038 2021; x_wconf 82' lang='lat' dir='ltr'>obibant²⁶),</span> <span class='ocrx_word' id='word_1_102' title='bbox 1072 1933 1111 2006; x_wconf 82' lang='lat' dir='ltr'>at</span> 
     </span>
     <span class='ocr_line' id='line_1_16' title="bbox 5 2012 1110 2118; baseline 0.006 -25"><span class='ocrx_word' id='word_1_103' title='bbox 5 2023 271 2118; x_wconf 71' lang='lat' dir='ltr'>magistratus</span> <span class='ocrx_word' id='word_1_104' title='bbox 311 2041 460 2116; x_wconf 90' lang='lat' dir='ltr'>quoque</span> <span class='ocrx_word' id='word_1_105' title='bbox 500 2012 596 2086; x_wconf 86' lang='lat' dir='ltr'>baud</span> <span class='ocrx_word' id='word_1_106' title='bbox 635 2012 746 2088; x_wconf 89' lang='lat' dir='ltr'>dubie</span> <span class='ocrx_word' id='word_1_107' title='bbox 788 2043 811 2090; x_wconf 88' lang='lat' dir='ltr'>a</span> <span class='ocrx_word' id='word_1_108' title='bbox 849 2021 1110 2100; x_wconf 85' lang='lat' dir='ltr'>sacerdotibus</span> 
     </span>
     <span class='ocr_line' id='line_1_17' title="bbox 4 2117 1108 2216; baseline 0.004 -28"><span class='ocrx_word' id='word_1_109' title='bbox 4 2157 6 2170; x_wconf 42' lang='grc' dir='ltr'>ι</span> <span class='ocrx_word' id='word_1_110' title='bbox 33 2121 109 2216; x_wconf 92' lang='lat' dir='ltr'>capi</span> <span class='ocrx_word' id='word_1_111' title='bbox 133 2119 330 2213; x_wconf 90' lang='lat' dir='ltr'>poteraut,</span> <span class='ocrx_word' id='word_1_112' title='bbox 356 2117 453 2186; x_wconf 88' lang='lat' dir='ltr'>sicut</span> <span class='ocrx_word' id='word_1_113' title='bbox 478 2137 610 2184; x_wconf 90' lang='lat' dir='ltr'>rursus</span> <span class='ocrx_word' id='word_1_114' title='bbox 636 2117 746 2186; x_wconf 88' lang='lat' dir='ltr'>etiam</span> <span class='ocrx_word' id='word_1_115' title='bbox 773 2119 1018 2210; x_wconf 79' lang='lat' dir='ltr'>magistratus</span> <span class='ocrx_word' id='word_1_116' title='bbox 1032 2149 1108 2198; x_wconf 87' lang='lat' dir='ltr'>non</span> 
     </span>
     <span class='ocr_line' id='line_1_18' title="bbox 6 2203 1108 2313; baseline 0.005 -25"><span class='ocrx_word' id='word_1_117' title='bbox 6 2217 137 2312; x_wconf 59' lang='lat' dir='ltr'>*pauci</span> <span class='ocrx_word' id='word_1_118' title='bbox 162 2203 465 2286; x_wconf 87' lang='lat' dir='ltr'>sacerdotalibus</span> <span class='ocrx_word' id='word_1_119' title='bbox 491 2206 712 2308; x_wconf 86' lang='lat' dir='ltr'>quibusdam</span> <span class='ocrx_word' id='word_1_120' title='bbox 738 2216 873 2286; x_wconf 92' lang='lat' dir='ltr'>muniis</span> <span class='ocrx_word' id='word_1_121' title='bbox 899 2213 1108 2313; x_wconf 79' lang='lat' dir='ltr'>iungeban-</span> 
     </span>
     <span class='ocr_line' id='line_1_19' title="bbox 30 2300 1110 2412; baseline 0.003 -28"><span class='ocrx_word' id='word_1_122' title='bbox 30 2319 103 2402; x_wconf 88' lang='lat' dir='ltr'>tur,</span> <span class='ocrx_word' id='word_1_123' title='bbox 137 2307 253 2382; x_wconf 82' lang='lat' dir='ltr'>veluti</span> <span class='ocrx_word' id='word_1_124' title='bbox 284 2332 334 2382; x_wconf 85' lang='lat' dir='ltr'>ex</span> <span class='ocrx_word' id='word_1_125' title='bbox 359 2332 493 2380; x_wconf 86' lang='lat' dir='ltr'>novem</span> <span class='ocrx_word' id='word_1_126' title='bbox 518 2300 764 2384; x_wconf 82' lang='lat' dir='ltr'>archontibus</span> <span class='ocrx_word' id='word_1_127' title='bbox 789 2313 834 2403; x_wconf 85' lang='lat' dir='ltr'>is,</span> <span class='ocrx_word' id='word_1_128' title='bbox 861 2315 922 2412; x_wconf 89' lang='lat' dir='ltr'>qni</span> <span class='ocrx_word' id='word_1_129' title='bbox 947 2321 1110 2399; x_wconf 63' lang='grc' dir='ltr'>Βασιλεὺς</span> 
     </span>
     <span class='ocr_line' id='line_1_20' title="bbox 4 2402 1110 2509; baseline 0.013 -34"><span class='ocrx_word' id='word_1_130' title='bbox 4 2435 8 2475; x_wconf 65' lang='lat' dir='ltr'>a</span> <span class='ocrx_word' id='word_1_131' title='bbox 32 2408 182 2499; x_wconf 89' lang='lat' dir='ltr'>dicitur,</span> <span class='ocrx_word' id='word_1_132' title='bbox 215 2429 326 2506; x_wconf 92' lang='lat' dir='ltr'>quum</span> <span class='ocrx_word' id='word_1_133' title='bbox 361 2405 546 2477; x_wconf 83' lang='lat' dir='ltr'>universis</span> <span class='ocrx_word' id='word_1_134' title='bbox 579 2406 635 2476; x_wconf 91' lang='lat' dir='ltr'>rei</span> <span class='ocrx_word' id='word_1_135' title='bbox 658 2402 835 2502; x_wconf 90' lang='lat' dir='ltr'>publicae</span> <span class='ocrx_word' id='word_1_136' title='bbox 859 2407 1110 2509; x_wconf 77' lang='lat' dir='ltr'>religionibus</span> 
     </span>
    </p>
   </div>
   <div class='ocr_carea' id='block_1_3' title="bbox 4 2566 226 2584">
    <p class='ocr_par' dir='ltr' id='par_1_3' title="bbox 4 2566 226 2584">
     <span class='ocr_line' id='line_1_21' title="bbox 4 2566 226 2584; baseline -0.018 0"><span class='ocrx_word' id='word_1_137' title='bbox 4 2569 5 2574; x_wconf 70' lang='lat'>¹</span> <span class='ocrx_word' id='word_1_138' title='bbox 31 2566 226 2584; x_wconf 51' lang='lat' dir='ltr'>m</span> 
     </span>
    </p>
   </div>
   <div class='ocr_carea' id='block_1_4' title="bbox 90 2645 553 2721">
    <p class='ocr_par' dir='ltr' id='par_1_4' title="bbox 90 2645 553 2721">
     <span class='ocr_line' id='line_1_22' title="bbox 90 2645 553 2721; baseline -0.009 -15"><span class='ocrx_word' id='word_1_139' title='bbox 90 2645 144 2718; x_wconf 92' lang='grc'>20)</span> <span class='ocrx_word' id='word_1_140' title='bbox 163 2646 311 2721; x_wconf 76' lang='lat' dir='ltr'>Aristopb.</span> <span class='ocrx_word' id='word_1_141' title='bbox 328 2645 404 2701; x_wconf 83' lang='lat' dir='ltr'>Plut</span> <span class='ocrx_word' id='word_1_142' title='bbox 424 2665 453 2700; x_wconf 76' lang='lat' dir='ltr'>v.</span> <span class='ocrx_word' id='word_1_143' title='bbox 473 2647 553 2702; x_wconf 87' lang='grc'><strong>1183.</strong></span> 
     </span>
    </p>
   </div>
   <div class='ocr_carea' id='block_1_5' title="bbox 4 2752 1143 3256">
    <p class='ocr_par' dir='ltr' id='par_1_5' title="bbox 4 2752 1143 3256">
     <span class='ocr_line' id='line_1_23' title="bbox 4 2752 1110 2828; baseline -0.006 -14"><span class='ocrx_word' id='word_1_144' title='bbox 4 2765 5 2768; x_wconf 74' lang='grc'>’</span> <span class='ocrx_word' id='word_1_145' title='bbox 90 2753 531 2823; x_wconf 75' lang='lat' dir='ltr'>21)ct.nunot.1³01u.vl,</span> <span class='ocrx_word' id='word_1_146' title='bbox 555 2753 580 2814; x_wconf 80' lang='lat'>5,</span> <span class='ocrx_word' id='word_1_147' title='bbox 600 2753 648 2818; x_wconf 91' lang='lat' dir='ltr'>ll,</span> <span class='ocrx_word' id='word_1_148' title='bbox 674 2755 723 2828; x_wconf 89' lang='lat' dir='ltr'>qni</span> <span class='ocrx_word' id='word_1_149' title='bbox 742 2752 827 2810; x_wconf 87' lang='lat' dir='ltr'>docet</span> <span class='ocrx_word' id='word_1_150' title='bbox 844 2759 873 2810; x_wconf 90' lang='lat' dir='ltr'>in</span> <span class='ocrx_word' id='word_1_151' title='bbox 892 2759 1050 2816; x_wconf 84' lang='lat' dir='ltr'>minoribns</span> <span class='ocrx_word' id='word_1_152' title='bbox 1069 2765 1110 2818; x_wconf 87' lang='lat' dir='ltr'>et.</span> 
     </span>
     <span class='ocr_line' id='line_1_24' title="bbox 5 2825 1143 2898; baseline 0.005 -17"><span class='ocrx_word' id='word_1_153' title='bbox 5 2845 8 2854; x_wconf 83' lang='grc'><strong>’</strong></span> <span class='ocrx_word' id='word_1_154' title='bbox 25 2830 161 2883; x_wconf 85' lang='lat' dir='ltr'>vitatibus</span> <span class='ocrx_word' id='word_1_155' title='bbox 181 2826 319 2880; x_wconf 83' lang='lat' dir='ltr'>eiusmodi</span> <span class='ocrx_word' id='word_1_156' title='bbox 339 2845 423 2878; x_wconf 87' lang='lat' dir='ltr'>curas</span> <span class='ocrx_word' id='word_1_157' title='bbox 442 2827 511 2897; x_wconf 84' lang='lat' dir='ltr'>ipsis</span> <span class='ocrx_word' id='word_1_158' title='bbox 531 2825 727 2879; x_wconf 81' lang='lat' dir='ltr'>sacerdotibus</span> <span class='ocrx_word' id='word_1_159' title='bbox 738 2829 893 2898; x_wconf 83' lang='lat' dir='ltr'>impositas,</span> <span class='ocrx_word' id='word_1_160' title='bbox 912 2836 942 2884; x_wconf 88' lang='lat' dir='ltr'>in</span> <span class='ocrx_word' id='word_1_161' title='bbox 953 2834 1109 2888; x_wconf 82' lang='lat' dir='ltr'>maioribus</span> <span class='ocrx_word' id='word_1_162' title='bbox 1142 2850 1143 2854; x_wconf 74' lang='grc'>’</span> 
     </span>
     <span class='ocr_line' id='line_1_25' title="bbox 4 2895 1109 2974; baseline -0.005 -20"><span class='ocrx_word' id='word_1_163' title='bbox 4 2913 115 2967; x_wconf 62' lang='lat' dir='ltr'>fantem</span> <span class='ocrx_word' id='word_1_164' title='bbox 143 2919 161 2954; x_wconf 84' lang='lat' dir='ltr'>a</span> <span class='ocrx_word' id='word_1_165' title='bbox 179 2898 341 2952; x_wconf 82' lang='lat' dir='ltr'>sacerdotio</span> <span class='ocrx_word' id='word_1_166' title='bbox 360 2900 505 2951; x_wconf 82' lang='lat' dir='ltr'>seiunctas</span> <span class='ocrx_word' id='word_1_167' title='bbox 522 2895 613 2950; x_wconf 84' lang='lat' dir='ltr'>luisse</span> <span class='ocrx_word' id='word_1_168' title='bbox 631 2897 836 2970; x_wconf 71' lang='lat' dir='ltr'>mundatusque</span> <span class='ocrx_word' id='word_1_169' title='bbox 854 2901 992 2974; x_wconf 59' lang='lat' dir='ltr'>lapsum,</span> <span class='ocrx_word' id='word_1_170' title='bbox 1010 2906 1109 2974; x_wconf 65' lang='grc' dir='ltr'><strong>φαοφῦ.</strong></span> 
     </span>
     <span class='ocr_line' id='line_1_26' title="bbox 24 2967 1109 3043; baseline -0.006 -17"><span class='ocrx_word' id='word_1_171' title='bbox 24 2976 92 3036; x_wconf 56' lang='lat' dir='ltr'>icius·</span> <span class='ocrx_word' id='word_1_172' title='bbox 111 2972 245 3042; x_wconf 80' lang='lat' dir='ltr'>aliisque.</span> <span class='ocrx_word' id='word_1_173' title='bbox 283 2969 371 3022; x_wconf 71' lang='lat' dir='ltr'>&#39;l&#39;alcs</span> <span class='ocrx_word' id='word_1_174' title='bbox 387 2967 514 3022; x_wconf 63' lang='lat' dir='ltr'>‘fuerunt</span> <span class='ocrx_word' id='word_1_175' title='bbox 536 2968 673 3043; x_wconf 67' lang='grc' dir='ltr'><em>νεωκόρου,</em></span> <span class='ocrx_word' id='word_1_176' title='bbox 698 2988 867 3042; x_wconf 78' lang='lat' dir='ltr'>quamquam</span> <span class='ocrx_word' id='word_1_177' title='bbox 887 2973 985 3028; x_wconf 74' lang='lat' dir='ltr'>borum</span> <span class='ocrx_word' id='word_1_178' title='bbox 1005 2993 1109 3029; x_wconf 64' lang='lat' dir='ltr'>muna.</span> 
     </span>
     <span class='ocr_line' id='line_1_27' title="bbox 23 3039 1109 3116; baseline 0.005 -20"><span class='ocrx_word' id='word_1_179' title='bbox 23 3047 144 3116; x_wconf 83' lang='lat' dir='ltr'>posteris</span> <span class='ocrx_word' id='word_1_180' title='bbox 174 3041 348 3112; x_wconf 78' lang='lat' dir='ltr'>temporibus</span> <span class='ocrx_word' id='word_1_181' title='bbox 376 3039 465 3106; x_wconf 68' lang='lat' dir='ltr'>longe</span> <span class='ocrx_word' id='word_1_182' title='bbox 495 3039 617 3110; x_wconf 76' lang='lat' dir='ltr'>amplius</span> <span class='ocrx_word' id='word_1_183' title='bbox 639 3039 747 3094; x_wconf 81' lang='lat' dir='ltr'>lactum</span> <span class='ocrx_word' id='word_1_184' title='bbox 772 3050 823 3094; x_wconf 82' lang='lat' dir='ltr'>est.</span> <span class='ocrx_word' id='word_1_185' title='bbox 860 3043 927 3096; x_wconf 81' lang='lat' dir='ltr'>Vid.</span> <span class='ocrx_word' id='word_1_186' title='bbox 952 3064 1009 3098; x_wconf 82' lang='lat' dir='ltr'>van</span> <span class='ocrx_word' id='word_1_187' title='bbox 1034 3046 1109 3102; x_wconf 73' lang='lat' dir='ltr'>liele</span> 
     </span>
     <span class='ocr_line' id='line_1_28' title="bbox 24 3111 1109 3189; baseline -0.005 -22"><span class='ocrx_word' id='word_1_188' title='bbox 24 3118 146 3169; x_wconf 83' lang='lat' dir='ltr'>dissortt.</span> <span class='ocrx_word' id='word_1_189' title='bbox 167 3113 204 3168; x_wconf 84' lang='lat' dir='ltr'>ad</span> <span class='ocrx_word' id='word_1_190' title='bbox 221 3115 361 3184; x_wconf 86' lang='lat' dir='ltr'>inseriptt.</span> <span class='ocrx_word' id='word_1_191' title='bbox 382 3119 411 3165; x_wconf 88' lang='lat' dir='ltr'>et</span> <span class='ocrx_word' id='word_1_192' title='bbox 427 3129 555 3165; x_wconf 87' lang='lat' dir='ltr'>msrmm.</span> <span class='ocrx_word' id='word_1_193' title='bbox 575 3131 602 3184; x_wconf 90' lang='lat' dir='ltr'>p.</span> <span class='ocrx_word' id='word_1_194' title='bbox 622 3111 674 3166; x_wconf 77' lang='lat'>289</span> <span class='ocrx_word' id='word_1_195' title='bbox 692 3129 753 3185; x_wconf 82' lang='lat' dir='ltr'>sqq.</span> <span class='ocrx_word' id='word_1_196' title='bbox 791 3114 836 3166; x_wconf 84' lang='lat' dir='ltr'>De</span> <span class='ocrx_word' id='word_1_197' title='bbox 854 3114 987 3189; x_wconf 52' lang='lat' dir='ltr'>toccum&amp;</span> <span class='ocrx_word' id='word_1_198' title='bbox 1001 3116 1109 3174; x_wconf 61' lang='lat' dir='ltr'>Athen,</span> 
     </span>
     <span class='ocr_line' id='line_1_29' title="bbox 5 3183 1106 3256; baseline -0.011 -16"><span class='ocrx_word' id='word_1_199' title='bbox 5 3203 7 3216; x_wconf 83' lang='lat'><strong>¹</strong></span> <span class='ocrx_word' id='word_1_200' title='bbox 25 3189 57 3240; x_wconf 86' lang='lat' dir='ltr'>cl.</span> <span class='ocrx_word' id='word_1_201' title='bbox 75 3185 225 3240; x_wconf 85' lang='lat' dir='ltr'>Scbnbert</span> <span class='ocrx_word' id='word_1_202' title='bbox 243 3183 279 3237; x_wconf 87' lang='lat' dir='ltr'>de</span> <span class='ocrx_word' id='word_1_203' title='bbox 298 3183 381 3238; x_wconf 82' lang='lat' dir='ltr'>aedil.</span> <span class='ocrx_word' id='word_1_204' title='bbox 399 3203 426 3256; x_wconf 85' lang='lat' dir='ltr'>p·</span> <span class='ocrx_word' id='word_1_205' title='bbox 445 3185 490 3237; x_wconf 79' lang='grc'><strong>43.</strong></span> <span class='ocrx_word' id='word_1_206' title='bbox 1105 3237 1106 3242; x_wconf 13' lang='lat'>¹</span> 
     </span>
    </p>
   </div>
   <div class='ocr_carea' id='block_1_6' title="bbox 88 3287 696 3362">
    <p class='ocr_par' dir='ltr' id='par_1_6' title="bbox 88 3287 696 3362">
     <span class='ocr_line' id='line_1_30' title="bbox 88 3287 696 3362; baseline -0.013 -12"><span class='ocrx_word' id='word_1_207' title='bbox 88 3293 139 3360; x_wconf 87' lang='grc'>22)</span> <span class='ocrx_word' id='word_1_208' title='bbox 158 3291 289 3346; x_wconf 79' lang='lat' dir='ltr'>Aesebin</span> <span class='ocrx_word' id='word_1_209' title='bbox 306 3293 335 3344; x_wconf 92' lang='lat' dir='ltr'>in</span> <span class='ocrx_word' id='word_1_210' title='bbox 356 3287 485 3362; x_wconf 76' lang='lat' dir='ltr'>ctesiph.</span> <span class='ocrx_word' id='word_1_211' title='bbox 503 3309 531 3351; x_wconf 82' lang='lat' dir='ltr'>p.</span> <span class='ocrx_word' id='word_1_212' title='bbox 551 3291 613 3344; x_wconf 81' lang='grc'><strong>405.</strong></span> <span class='ocrx_word' id='word_1_213' title='bbox 633 3289 696 3345; x_wconf 85' lang='grc'><strong>400.</strong></span> 
     </span>
    </p>
   </div>
   <div class='ocr_carea' id='block_1_7' title="bbox 21 3389 1109 3545">
    <p class='ocr_par' dir='ltr' id='par_1_7' title="bbox 21 3389 1109 3545">
     <span class='ocr_line' id='line_1_31' title="bbox 88 3389 1109 3472; baseline -0.003 -19"><span class='ocrx_word' id='word_1_214' title='bbox 88 3395 142 3468; x_wconf 83' lang='grc'>23)</span> <span class='ocrx_word' id='word_1_215' title='bbox 169 3400 273 3470; x_wconf 70' lang='lat' dir='ltr'>Topica</span> <span class='ocrx_word' id='word_1_216' title='bbox 294 3398 345 3452; x_wconf 74' lang='grc' dir='ltr'>τῶν</span> <span class='ocrx_word' id='word_1_217' title='bbox 361 3397 437 3472; x_wconf 68' lang='grc' dir='ltr'><em>ἱερῶν</em></span> <span class='ocrx_word' id='word_1_218' title='bbox 449 3395 601 3471; x_wconf 72' lang='grc' dir='ltr'>χρημάτων.</span> <span class='ocrx_word' id='word_1_219' title='bbox 623 3395 686 3450; x_wconf 79' lang='lat' dir='ltr'>(lt&#39;.</span> <span class='ocrx_word' id='word_1_220' title='bbox 705 3409 792 3468; x_wconf 74' lang='lat' dir='ltr'>supra</span> <span class='ocrx_word' id='word_1_221' title='bbox 811 3389 837 3466; x_wconf 58' lang='grc' dir='ltr'>ᾗ.</span> <span class='ocrx_word' id='word_1_222' title='bbox 856 3396 901 3466; x_wconf 76' lang='lat' dir='ltr'>tt,</span> <span class='ocrx_word' id='word_1_223' title='bbox 922 3397 962 3454; x_wconf 82' lang='grc'><strong>10.</strong></span> <span class='ocrx_word' id='word_1_224' title='bbox 980 3397 1109 3456; x_wconf 76' lang='lat' dir='ltr'>Boeolrla.</span> 
     </span>
     <span class='ocr_line' id='line_1_32' title="bbox 21 3469 862 3545; baseline -0.006 -18"><span class='ocrx_word' id='word_1_225' title='bbox 21 3473 36 3527; x_wconf 95' lang='grc' dir='ltr'><strong>Ῑ</strong></span> <span class='ocrx_word' id='word_1_226' title='bbox 51 3493 78 3545; x_wconf 85' lang='lat' dir='ltr'>p.</span> <span class='ocrx_word' id='word_1_227' title='bbox 99 3473 164 3526; x_wconf 81' lang='grc'><strong>173.</strong></span> <span class='ocrx_word' id='word_1_228' title='bbox 203 3473 289 3545; x_wconf 64' lang='grc' dir='ltr'>0οη).</span> <span class='ocrx_word' id='word_1_229' title='bbox 308 3472 397 3524; x_wconf 80' lang='lat' dir='ltr'>Inacr.</span> <span class='ocrx_word' id='word_1_230' title='bbox 417 3486 465 3525; x_wconf 86' lang='lat' dir='ltr'>no.</span> <span class='ocrx_word' id='word_1_231' title='bbox 486 3469 529 3534; x_wconf 71' lang='lat'>76,</span> <span class='ocrx_word' id='word_1_232' title='bbox 549 3471 591 3524; x_wconf 83' lang='grc'>13.</span> <span class='ocrx_word' id='word_1_233' title='bbox 859 3491 862 3496; x_wconf 79' lang='grc'><strong>’</strong></span> 
     </span>
    </p>
   </div>
   <div class='ocr_carea' id='block_1_8' title="bbox 17 3589 1110 3953">
    <p class='ocr_par' dir='ltr' id='par_1_8' title="bbox 17 3589 1110 3953">
     <span class='ocr_line' id='line_1_33' title="bbox 88 3589 1109 3666; baseline -0.003 -16"><span class='ocrx_word' id='word_1_234' title='bbox 88 3598 143 3658; x_wconf 85' lang='grc'>24)</span> <span class='ocrx_word' id='word_1_235' title='bbox 161 3591 308 3666; x_wconf 78' lang='lat' dir='ltr'>Aristoph.</span> <span class='ocrx_word' id='word_1_236' title='bbox 326 3593 406 3648; x_wconf 87' lang='lat' dir='ltr'>Plut.</span> <span class='ocrx_word' id='word_1_237' title='bbox 423 3613 451 3648; x_wconf 79' lang='lat' dir='ltr'>v.</span> <span class='ocrx_word' id='word_1_238' title='bbox 472 3592 549 3648; x_wconf 86' lang='grc'><strong>1188.</strong></span> <span class='ocrx_word' id='word_1_239' title='bbox 568 3589 1109 3666; x_wconf 66' lang='grc' dir='ltr'><strong>ο.ιο1101.ΤΙιοειιιοΡ1ι.ν.708.80101.</strong></span> 
     </span>
     <span class='ocr_line' id='line_1_34' title="bbox 19 3664 1109 3738; baseline -0.005 -15"><span class='ocrx_word' id='word_1_240' title='bbox 19 3669 54 3723; x_wconf 93' lang='lat' dir='ltr'>ad</span> <span class='ocrx_word' id='word_1_241' title='bbox 73 3671 169 3738; x_wconf 82' lang='lat' dir='ltr'>Vesp·</span> <span class='ocrx_word' id='word_1_242' title='bbox 196 3667 248 3720; x_wconf 78' lang='lat'>715</span> <span class='ocrx_word' id='word_1_243' title='bbox 273 3664 362 3734; x_wconf 80' lang='lat'>(693).</span> <span class='ocrx_word' id='word_1_244' title='bbox 401 3669 486 3730; x_wconf 69' lang='lat' dir='ltr'>Quae</span> <span class='ocrx_word' id='word_1_245' title='bbox 510 3665 675 3718; x_wconf 83' lang='lat' dir='ltr'>sacerdotes</span> <span class='ocrx_word' id='word_1_246' title='bbox 693 3684 744 3736; x_wconf 90' lang='lat' dir='ltr'>pro</span> <span class='ocrx_word' id='word_1_247' title='bbox 763 3665 903 3718; x_wconf 82' lang='lat' dir='ltr'>sacrificio</span> <span class='ocrx_word' id='word_1_248' title='bbox 923 3667 1109 3738; x_wconf 80' lang='lat' dir='ltr'>accipiebant,</span> 
     </span>
     <span class='ocr_line' id='line_1_35' title="bbox 17 3735 1106 3816; baseline -0.003 -22"><span class='ocrx_word' id='word_1_249' title='bbox 17 3743 144 3816; x_wconf 67' lang='lat' dir='ltr'>tepaiom</span> <span class='ocrx_word' id='word_1_250' title='bbox 169 3737 338 3791; x_wconf 81' lang='lat' dir='ltr'>dicebantur</span> <span class='ocrx_word' id='word_1_251' title='bbox 363 3737 398 3790; x_wconf 86' lang='lat' dir='ltr'>dc</span> <span class='ocrx_word' id='word_1_252' title='bbox 423 3737 526 3809; x_wconf 88' lang='lat' dir='ltr'>quibus</span> <span class='ocrx_word' id='word_1_253' title='bbox 551 3735 586 3789; x_wconf 87' lang='lat' dir='ltr'>cl.</span> <span class='ocrx_word' id='word_1_254' title='bbox 609 3735 737 3789; x_wconf 75' lang='lat' dir='ltr'>Boeckb.</span> <span class='ocrx_word' id='word_1_255' title='bbox 763 3755 888 3808; x_wconf 85' lang='lat' dir='ltr'>prooem.</span> <span class='ocrx_word' id='word_1_256' title='bbox 909 3738 985 3790; x_wconf 85' lang='lat' dir='ltr'>lectt.</span> <span class='ocrx_word' id='word_1_257' title='bbox 1006 3741 1106 3792; x_wconf 73' lang='lat' dir='ltr'>sentiar.</span> 
     </span>
     <span class='ocr_line' id='line_1_36' title="bbox 18 3807 1109 3880; baseline -0.003 -15"><span class='ocrx_word' id='word_1_258' title='bbox 18 3832 84 3866; x_wconf 83' lang='lat' dir='ltr'>ann.</span> <span class='ocrx_word' id='word_1_259' title='bbox 107 3811 186 3864; x_wconf 86' lang='grc'><strong>1830.</strong></span> <span class='ocrx_word' id='word_1_260' title='bbox 205 3828 298 3863; x_wconf 74' lang='lat' dir='ltr'>accus.</span> <span class='ocrx_word' id='word_1_261' title='bbox 316 3811 345 3862; x_wconf 86' lang='lat' dir='ltr'>in</span> <span class='ocrx_word' id='word_1_262' title='bbox 364 3810 468 3862; x_wconf 85' lang='lat' dir='ltr'>Museo</span> <span class='ocrx_word' id='word_1_263' title='bbox 489 3807 623 3862; x_wconf 81' lang='lat' dir='ltr'>Cantabr.</span> <span class='ocrx_word' id='word_1_264' title='bbox 644 3825 692 3861; x_wconf 89' lang='lat' dir='ltr'>no.</span> <span class='ocrx_word' id='word_1_265' title='bbox 711 3809 742 3858; x_wconf 83' lang='lat' dir='ltr'>V</span> <span class='ocrx_word' id='word_1_266' title='bbox 754 3825 819 3860; x_wconf 82' lang='lat' dir='ltr'>ann.</span> <span class='ocrx_word' id='word_1_267' title='bbox 840 3809 909 3862; x_wconf 87' lang='grc'><strong>1833</strong></span> <span class='ocrx_word' id='word_1_268' title='bbox 925 3816 955 3862; x_wconf 88' lang='lat' dir='ltr'>et</span> <span class='ocrx_word' id='word_1_269' title='bbox 973 3827 1009 3862; x_wconf 78' lang='lat' dir='ltr'>ex</span> <span class='ocrx_word' id='word_1_270' title='bbox 1027 3815 1109 3880; x_wconf 81' lang='lat' dir='ltr'>parto</span> 
     </span>
     <span class='ocr_line' id='line_1_37' title="bbox 18 3878 1110 3953; baseline -0.002 -16"><span class='ocrx_word' id='word_1_271' title='bbox 18 3888 45 3937; x_wconf 91' lang='lat' dir='ltr'>in</span> <span class='ocrx_word' id='word_1_272' title='bbox 65 3881 220 3936; x_wconf 84' lang='lat' dir='ltr'>Bulletino</span> <span class='ocrx_word' id='word_1_273' title='bbox 240 3881 268 3934; x_wconf 88' lang='lat' dir='ltr'>di</span> <span class='ocrx_word' id='word_1_274' title='bbox 288 3882 406 3953; x_wconf 85' lang='lat' dir='ltr'>corrisp.</span> <span class='ocrx_word' id='word_1_275' title='bbox 425 3878 549 3934; x_wconf 73' lang='lat' dir='ltr'>erebeol.</span> <span class='ocrx_word' id='word_1_276' title='bbox 568 3881 639 3936; x_wconf 88' lang='grc'><strong>1830</strong></span> <span class='ocrx_word' id='word_1_277' title='bbox 656 3899 684 3952; x_wconf 89' lang='lat' dir='ltr'>p.</span> <span class='ocrx_word' id='word_1_278' title='bbox 703 3879 765 3934; x_wconf 86' lang='grc'><strong>218.</strong></span> <span class='ocrx_word' id='word_1_279' title='bbox 794 3878 870 3936; x_wconf 73' lang='lat' dir='ltr'>scd.</span> <span class='ocrx_word' id='word_1_280' title='bbox 882 3879 1110 3953; x_wconf 72' lang='lat' dir='ltr'>eimdprooern·</span> 
     </span>
    </p>
   </div>
   <div class='ocr_carea' id='block_1_9' title="bbox 18 3952 319 4010">
    <p class='ocr_par' dir='ltr' id='par_1_9' title="bbox 18 3952 319 4010">
     <span class='ocr_line' id='line_1_38' title="bbox 18 3952 319 4010; baseline -0.013 1"><span class='ocrx_word' id='word_1_281' title='bbox 18 3955 133 4010; x_wconf 79' lang='lat' dir='ltr'>hibern.</span> <span class='ocrx_word' id='word_1_282' title='bbox 153 3971 220 4006; x_wconf 80' lang='lat' dir='ltr'>anu.</span> <span class='ocrx_word' id='word_1_283' title='bbox 240 3952 319 4007; x_wconf 78' lang='grc'><strong>1833.</strong></span> 
     </span>
    </p>
   </div>
   <div class='ocr_carea' id='block_1_10' title="bbox 15 4053 1111 4344">
    <p class='ocr_par' dir='ltr' id='par_1_10' title="bbox 15 4053 1111 4344">
     <span class='ocr_line' id='line_1_39' title="bbox 89 4053 1109 4130; baseline -0.003 -17"><span class='ocrx_word' id='word_1_284' title='bbox 89 4059 139 4127; x_wconf 74' lang='grc'>25)</span> <span class='ocrx_word' id='word_1_285' title='bbox 163 4061 239 4114; x_wconf 81' lang='lat' dir='ltr'>ilinc</span> <span class='ocrx_word' id='word_1_286' title='bbox 261 4055 404 4112; x_wconf 82' lang='lat' dir='ltr'>nonnulla</span> <span class='ocrx_word' id='word_1_287' title='bbox 427 4057 588 4112; x_wconf 79' lang='lat' dir='ltr'>sacerdotia</span> <span class='ocrx_word' id='word_1_288' title='bbox 613 4059 699 4111; x_wconf 82' lang='lat' dir='ltr'>etiam</span> <span class='ocrx_word' id='word_1_289' title='bbox 729 4053 910 4118; x_wconf 80' lang='lat' dir='ltr'>emebantur,</span> <span class='ocrx_word' id='word_1_290' title='bbox 939 4074 1109 4130; x_wconf 84' lang='lat' dir='ltr'>quemquern</span> 
     </span>
     <span class='ocr_line' id='line_1_40' title="bbox 18 4128 1111 4202; baseline -0.005 -15"><span class='ocrx_word' id='word_1_291' title='bbox 18 4153 86 4202; x_wconf 91' lang='lat' dir='ltr'>non,</span> <span class='ocrx_word' id='word_1_292' title='bbox 106 4141 141 4186; x_wconf 89' lang='lat' dir='ltr'>ut</span> <span class='ocrx_word' id='word_1_293' title='bbox 159 4132 285 4194; x_wconf 86' lang='lat' dir='ltr'>videtur,</span> <span class='ocrx_word' id='word_1_294' title='bbox 303 4129 434 4182; x_wconf 77' lang='lat' dir='ltr'>Athenis.</span> <span class='ocrx_word' id='word_1_295' title='bbox 470 4131 539 4184; x_wconf 81' lang='lat' dir='ltr'>Vid.</span> <span class='ocrx_word' id='word_1_296' title='bbox 552 4128 686 4186; x_wconf 77' lang='lat' dir='ltr'>Boeobb.</span> <span class='ocrx_word' id='word_1_297' title='bbox 705 4146 831 4199; x_wconf 88' lang='lat' dir='ltr'>prooem.</span> <span class='ocrx_word' id='word_1_298' title='bbox 852 4133 921 4188; x_wconf 82' lang='lat' dir='ltr'>aest.</span> <span class='ocrx_word' id='word_1_299' title='bbox 938 4129 1021 4191; x_wconf 85' lang='grc'><strong>1830.</strong></span> <span class='ocrx_word' id='word_1_300' title='bbox 1050 4129 1111 4182; x_wconf 86' lang='lat' dir='ltr'>Sed</span> 
     </span>
     <span class='ocr_line' id='line_1_41' title="bbox 15 4197 1111 4274; baseline -0.004 -15"><span class='ocrx_word' id='word_1_301' title='bbox 15 4206 182 4262; x_wconf 64' lang='grc' dir='ltr'>διαδικασία</span> <span class='ocrx_word' id='word_1_302' title='bbox 200 4205 236 4256; x_wconf 86' lang='lat' dir='ltr'>dc</span> <span class='ocrx_word' id='word_1_303' title='bbox 257 4201 436 4269; x_wconf 82' lang='lat' dir='ltr'>sacerdotiis,</span> <span class='ocrx_word' id='word_1_304' title='bbox 450 4209 549 4274; x_wconf 84' lang='lat' dir='ltr'>utpote</span> <span class='ocrx_word' id='word_1_305' title='bbox 566 4203 758 4274; x_wconf 77' lang='lat' dir='ltr'>quaestuosis,</span> <span class='ocrx_word' id='word_1_306' title='bbox 775 4197 927 4270; x_wconf 81' lang='lat' dir='ltr'>aliquoties</span> <span class='ocrx_word' id='word_1_307' title='bbox 941 4217 1111 4264; x_wconf 82' lang='lat' dir='ltr'>commemo·</span> 
     </span>
     <span class='ocr_line' id='line_1_42' title="bbox 16 4275 508 4344; baseline -0.012 -12"><span class='ocrx_word' id='word_1_308' title='bbox 16 4285 129 4332; x_wconf 85' lang='lat' dir='ltr'>rantur.</span> <span class='ocrx_word' id='word_1_309' title='bbox 149 4276 196 4332; x_wconf 83' lang='lat' dir='ltr'>Cf.</span> <span class='ocrx_word' id='word_1_310' title='bbox 216 4276 301 4327; x_wconf 85' lang='lat' dir='ltr'>Proc.</span> <span class='ocrx_word' id='word_1_311' title='bbox 320 4276 382 4326; x_wconf 73' lang='lat' dir='ltr'>Aac.</span> <span class='ocrx_word' id='word_1_312' title='bbox 400 4291 427 4344; x_wconf 86' lang='lat' dir='ltr'>p.</span> <span class='ocrx_word' id='word_1_313' title='bbox 446 4275 508 4327; x_wconf 82' lang='grc'><strong>471.</strong></span> 
     </span>
    </p>
   </div>
   <div class='ocr_carea' id='block_1_11' title="bbox 88 4377 919 4519">
    <p class='ocr_par' dir='ltr' id='par_1_11' title="bbox 88 4377 919 4519">
     <span class='ocr_line' id='line_1_43' title="bbox 88 4377 919 4519; baseline -0.008 -81"><span class='ocrx_word' id='word_1_314' title='bbox 88 4377 311 4452; x_wconf 57' lang='lat' dir='ltr'>autumnat.</span> <span class='ocrx_word' id='word_1_315' title='bbox 329 4379 421 4434; x_wconf 79' lang='lat' dir='ltr'>Arist·</span> <span class='ocrx_word' id='word_1_316' title='bbox 439 4396 463 4434; x_wconf 84' lang='lat' dir='ltr'>e.</span> <span class='ocrx_word' id='word_1_317' title='bbox 481 4379 510 4434; x_wconf 76' lang='lat'>5.</span> <span class='ocrx_word' id='word_1_318' title='bbox 843 4444 888 4519; x_wconf 70' lang='grc' dir='ltr'>Π</span> <span class='ocrx_word' id='word_1_319' title='bbox 900 4441 919 4480; x_wconf 43' lang='grc' dir='ltr'>ι</span> 
     </span>
    </p>
   </div>
   <div class='ocr_carea' id='block_1_12' title="bbox 0 0 1416 5082">
    <p class='ocr_par' dir='ltr' id='par_1_12' title="bbox 0 0 1416 5082">
     <span class='ocr_line' id='line_1_44' title="bbox 0 0 1416 5082; baseline 0 9"><span class='ocrx_word' id='word_1_320' title='bbox 0 0 1416 5082; x_wconf 95' lang='lat' dir='ltr'> </span> 
     </span>
    </p>
   </div>
  </div>
 </body>
</html>
