2822 5082
301 367 375 442 228
500 365 541 444 V.
566 362 626 436 Dc
648 385 694 434 re
711 360 870 462 puhh'cc
895 359 1190 438 Athenienshcm.

307 551 476 640 deerant,
501 544 570 618 has
594 543 726 618 illasve
752 540 860 640 leges
891 537 1081 617 tollendas
1112 548 1367 645 permutandos·

262 655 265 662 '
331 675 379 722 ue
406 671 487 718 cnm
514 642 599 716 aliis
623 641 690 714 aut
720 639 957 712 suadentium
987 643 1054 714 aut
1087 644 1367 727 dissuadentium.

350 742 461 818 uodsi
492 741 690 814 mutationi
723 737 845 810 locum
877 736 959 810 dari
989 735 1213 836 placuisset,
1245 748 1302 844 qui
1328 744 1368 818 ln·

308 847 384 918 turi
414 865 534 913 novos
567 836 675 934 leges
707 838 833 924 erant,
865 875 913 890 ·—
944 858 1013 908 nec
1045 833 1182 912 licebat
1213 838 1370 940 abrogari

306 947 454 1016 veteres
477 938 550 1010 nisi
573 936 627 1008 ita
652 935 695 1005 ut
717 957 840 1006 norae
864 957 936 1030 pro
960 932 1008 1004 iis
1020 932 1371 1034 subrogarentur,-

335 1034 553 1133 romnlgare
586 1057 652 1105 eas
686 1029 785 1129 apud
818 1033 963 1104 statuas
995 1055 1265 1133 eponymcrum
1286 1033 1371 1110 inhe-

308 1067 458 1222 lentur,
488 1125 791 1226 creabanturqne
816 1152 840 1198 n
863 1123 1027 1225 populo,
1062 1134 1125 1230 qui
1152 1135 1311 1206 velerum
1332 1133 1372 1206 le·

308 1259 398 1334 gum
406 1228 901 1329 patrocininmsnsciperent
915 1232 1218 1328 novasqueimpn
1250 1234 1372 1322 nerent,

337 1333 414 1403 nini
446 1331 634 1400 oratores.
685 1322 734 1394 lli
766 1326 932 1414 συνήγοροι
954 1323 1021 1394 aul
1043 1329 1184 1396 σύνδικοι
1210 1255 1372 1402 slicuntur.

310 1359 459 1504 lleinde
491 1426 530 1494 in
562 1423 674 1494 tertia
705 1416 867 1492 ecclesia
907 1415 1077 1516 legitima
1113 1420 1304 1498 serebatur
1323 1423 1396 1518 ,θεὴ

310 1522 490 1626 populum
518 1516 565 1592 de
591 1514 835 1607 nomothelis‚
886 1518 955 1588 not
978 1519 1017 1588 in
1044 1523 1221 1617 quantum
1254 1531 1375 1622 tempo-

310 1627 364 1698 ris
389 1620 523 1706 creari,
550 1613 712 1716 quidque
735 1539 920 1715 mercedis
942 1614 990 1686 iis
1012 1623 1202 1693 numerari
1215 1618 1376 1719 placeret.
1395 1711 1396 1714 Ἴ

310 1713 567 1795 Sumebantur
592 1722 716 1786 antem
741 1707 982 1801 nomothetae
1015 1738 1090 1785 non
1117 1714 1200 1806 alii,
1232 1721 1302 1790 uisi
1329 1721 1378 1818 qni

311 1817 542 1892 heliasticum
568 1813 628 1884 ins
643 1806 839 1882 iurandum
866 1832 912 1880 eo
940 1833 1039 1882 anno
1057 1807 1263 1888 dedissent.
1288 1812 1378 1914 Apud

311 1915 382 1990 hos
406 1917 480 1986 iam
505 1906 687 2010 reliquum
713 1909 907 2003 negotium
969 1901 1053 1980 lane
1084 1906 1131 1981 ad
1157 1914 1277 1986 instar
1299 1911 1396 1986 iuli-3

311 2016 359 2086 cii
383 2005 707 2109 pertractabatur‚
740 1930 1005 2076 accusantilhs
1038 2007 1187 2082 veteres
1218 2007 1323 2110 leges
1343 2013 1396 2108 iis}

259 2113 263 2119 ’
310 2113 373 2212 qui
398 2131 516 2180 novas
541 2101 728 2194 tulissent,
760 2097 1050 2174 defendentihus
1072 2107 1247 2202 patronis
1271 2134 1378 2279 ampo·

309 2204 400 2306 pulo
426 2201 578 2291 creatis,
609 2197 836 2273 nomothetis
863 2201 988 2271 autem
1013 2225 1056 2274 re
1082 2208 1237 2300 cognita
1263 2233 1281 2280 s
1332 2232 1380 2278 ra-

308 2308 412 2401 gium
443 2325 514 2399 pro
548 2297 738 2372 alterutris
769 2291 1038 2388 serentihnsss).
1088 2299 1301 2376 Praeerant
1328 2311 1396 2375 ³114

311 2407 385 2474 tem
402 2394 561 2472 consilio
577 2393 689 2468 iidem
709 2398 771 2493 qui
792 2390 962 2466 ecclesiis
979 2396 1162 2494 prytanes
1175 2404 1215 2471 et
1233 2400 1382 2498 proedri,

309 2495 556 2594 aderantque,
573 2494 616 2568 ut
630 2490 791 2580 videtur,
808 2493 920 2564 eliam
935 2487 1001 2570 alii
1019 2496 1219 2568 senatores
1231 2499 1280 2596 ⁹).
1305 2495 1396 2571 Per-i

309 2594 425 2668 latam
458 2593 531 2664 rite
565 2588 666 2687 apud
697 2586 940 2662 nomothetas
969 2588 1093 2686 legem
1126 2589 1242 2668 nihilo
1276 2599 1384 2669 secius

195 2759 198 2766 Α
308 2717 378 2791 per
400 2691 531 2783 γραφὴν
551 2691 761 2778 παρανόμων,
784 2683 913 2760 itidem
938 2692 980 2758 ut
1003 2687 1260 2788 psephismata
1276 2695 1313 2765 in
1332 2717 1383 2765 co·

308 2792 421 2862 rnitiis
446 2783 610 2884 perlata,
638 2807 826 2856 accusare
852 2790 891 2857 ct
915 2782 964 2857 ad
988 2783 1115 2860 iudicii
1141 2793 1384 2886 cognitionem

308 2911 445 2958 vocare
472 2884 589 2956 cuivis
614 2877 773 2970 licebat,
806 2905 917 2980 quum
951 2883 1017 2953 aut
1033 2882 1209 2958 inutilem
1235 2913 1318 2960 eam
1340 2889 1384 2958 rei

308 2981 501 3084 publicae,
531 2980 597 3050 aut
627 2975 710 3050 aliis
745 2975 895 3074 legibus
931 2985 1161 3056 contrariam
1193 2983 1384 3058 contende·

307 3084 383 3155 ret:
409 3105 479 3151 nec
504 3072 653 3149 valebat
676 3073 743 3146 illa
766 3079 838 3147 nisi
864 3101 887 3148 a
911 3073 1097 3150 iudicibus
1123 3105 1276 3181 quoque
1298 3107 1396 3176 corn-N

305 3175 469 3276 probata
484 3176 542 3266 ¹⁰).
570 3213 615 3226 —
643 3175 819 3245 Ceterum
846 3181 1000 3270 praeter
1033 3200 1194 3248 annuam
1225 3175 1328 3251 illam
1357 3179 1386 3249 el

308 3305 482 3317 ———.—---...
1395 3311 1396 3374 p

306 3347 421 3401 schines
440 3350 471 3399 in
490 3347 568 3399 Ctes.
587 3363 613 3415 p.
633 3345 702 3399 430:
727 3343 849 3397 alterum
870 3341 1102 3416 Theophrastum
1121 3346 1315 3419 Harpocratio
1335 3347 1396 3418 lan·1

305 3420 355 3472 det
372 3439 395 3472 s.
413 3438 441 3472 v.
461 3419 625 3486 Θεσμοθὲται.
659 3415 830 3470 Duhitatum
849 3421 901 3483 est,
924 3425 1020 3469 utrum
1045 3415 1118 3469 haec
1140 3418 1396 3482 thesmothetarum]

304 3492 466 3559 recognitio
485 3507 548 3540 cum
568 3487 629 3550 illa,
648 3506 722 3560 quae
740 3491 771 3540 in
788 3491 880 3560 prima
899 3491 1038 3560 cuiusque
1058 3491 1126 3541 anni
1145 3491 1381 3564 ecclesiapersge·

303 3565 397 3627 hatur,
417 3565 571 3614 coniuncta
589 3559 685 3628 fuerit,
704 3579 739 3613 an
759 3575 834 3616 uonx
858 3559 914 3612 hoc
935 3561 1032 3614 Petito
1051 3560 1160 3632 placuit
1177 3563 1270 3634 Legg.
1290 3567 1348 3617 sn.
1361 3581 1382 3632 p.

303 3638 355 3690 187
375 3633 502 3705 mihique
522 3630 589 3684 olim
609 3631 644 3684 de
664 3636 771 3686 comitt.
789 3652 817 3704 p.
836 3633 903 3699 2603
922 3630 995 3684 illud
1014 3633 1130 3686 Wolfio
1154 3633 1174 3690 l.
1193 3635 1212 3688 l.
1231 3649 1261 3701 p.
1282 3637 1342 3697 Cla.
1362 3637 1383 3684 et

303 3716 398 3774 recte,
417 3715 449 3758 ut
466 3722 544 3756 nunc
562 3702 695 3759 arbitror.
732 3705 853 3757 Scilicet
872 3704 1055 3758 statuendum
1080 3713 1124 3758 est
1142 3711 1304 3777 superioris
1327 3705 1381 3758 anni

304 3777 510 3835 thesmcthetas
529 3785 596 3828 ante
615 3794 701 3847 quam
718 3779 887 3846 magistratu
910 3774 1024 3829 abirent
1046 3775 1100 3830 illo
1124 3796 1247 3832 munere
1271 3779 1382 3838 functos,

304 3845 757 3995 3252}tztlltttltt‘ttt
768 3849 1045 3975 ”illihiiiffl'
1060 3851 1310 3994 i'issl’l'l'a'iovi
1327 3848 1384 3902 ”¹⁸¹

371 4029 403 4099 8)
423 4033 491 4084 Non
510 4033 606 4080 tamen
626 4025 753 4095 calculis,
773 4027 854 4080 utin
872 4025 997 4096 iudiciis,
1020 4027 1073 4082 sed
1089 4019 1232 4085 manibus.
1269 4027 1336 4084 Vid·
1353 4021 1386 4075 tle

303 4107 410 4159 comitt.
429 4100 531 4172 pass.
644 4155 647 4162 ‚

369 4207 400 4274 9)
420 4207 495 4260 llrid.
512 4227 540 4284 p.
560 4204 613 4259 258
630 4195 690 4258 nol.
709 4204 754 4262 26.

339 4309 342 4316 ’
370 4312 626 4380 munimenta.
632 4331 660 4384 p.
668 4313 722 4367 272
728 4329 790 4384 sqq.
809 4308 1024 4366 Athenaeischc
1034 4311 1349 4377 Geriehtsveriassang.
1360 4323 1389 4374 p·

301 4391 356 4446 sol
372 4407 414 4458 sq·
450 4384 658 4442 memorandae
675 4392 745 4438 sunt
763 4382 792 4436 h.
811 4381 831 4434 l·
853 4383 934 4453 leges
956 4384 993 4440 de
1018 4385 1197 4457 privilegiu,
1222 4387 1260 4440 de
1277 4382 1391 4437 restitu-
