2838 5080
255 301 335 420 m
457 346 522 424 VI.
546 347 606 422 De
629 345 823 424 c’nsto’tutla
847 344 945 420 iuria
958 345 1146 439 genuina.

258 557 330 632 que
355 525 675 622 conventibus¹³).
709 523 962 602 Sacerdolum
990 553 1035 600 ac
1061 529 1332 626 magistratuum

260 655 280 702 e
305 625 507 726 metropoli
532 631 571 700 in
597 626 782 699 coloniam
816 627 1016 697 missorum
1048 651 1170 726 pauca
1201 631 1333 700 tantum

223 739 225 746 '
260 723 433 832 exempla
466 721 717 818 babemustt),
748 747 872 822 neque
905 727 1057 794 omnino
1097 721 1169 796 hoe
1206 723 1334 798 lactum

261 848 347 896 esse
385 819 536 896 videtur
573 823 645 894 nisi
678 825 715 892 in
753 823 799 891 iis
836 817 1017 910 coloniis,
1056 845 1151 918 quae
1188 831 1335 922 propter

261 945 413 992 suarum
437 921 569 991 vicium
602 916 854 992 infirmitatem
887 919 1022 992 maiori
1054 923 1093 990 et
1122 919 1338 1014 opulentiori

260 1013 462 1115 metropoli
499 1019 623 1114 magis
661 1011 852 1096 obnoxiae
890 1021 1062 1112 agerent.
1117 1017 1256 1087 Forma
1291 1021 1339 1089 rei

260 1111 436 1211 publicae
462 1111 495 1186 lc
528 1137 644 1212 esque
670 1115 709 1185 et
732 1111 906 1186 instituta
939 1108 1171 1183 coloniarum
1204 1117 1242 1186 in
1267 1117 1339 1186 uni·

262 1236 411 1294 versum
437 1137 585 1311 quidem
621 1205 669 1281 ad
702 1206 927 1307 metropolis
959 1207 1169 1306 exemplum
1197 1209 1341 1282 ordina.-

264 1305 380 1402 ta¹⁵);
419 1305 503 1382 lieri
535 1310 658 1379 tamen
694 1331 768 1376 non
802 1307 924 1404 potuit
956 1307 1046 1402 quin
1087 1303 1270 1404 plurimae
1306 1311 1339 1384 in

263 1403 380 1504 pleris
410 1430 455 1478 ne
481 1411 545 1476 aut
569 1405 695 1476 statim
722 1404 770 1474 ab
795 1404 901 1473 initio
928 1402 1237 1500 autprocedente
1262 1407 1342 1476 tem·

263 1528 359 1600 pore
383 1430 623 1574 diversitates
657 1501 883 1590 existerent,
916 1523 1027 1596 quum
1062 1525 1181 1608 neque
1217 1507 1342 1592 omnia,

266 1624 362 1698 quae
401 1595 624 1697 metropoli,
663 1599 774 1670 etiam
816 1619 939 1668 uovee
976 1592 1062 1668 urbi
1098 1601 1344 1686 convenirent,

265 1721 335 1768 nec
362 1722 459 1797 quae
484 1700 638 1792 recepte
664 1698 774 1768 erant
799 1695 943 1764 servari
968 1696 1069 1766 inter
1095 1691 1268 1769 diversas
1300 1699 1344 1768 vi·

264 1791 374 1866 vunan
414 1792 660 1868 condiciones
698 1787 809 1868 facile
850 1793 1021 1890 possent.
1078 1790 1175 1863 lliue
1217 1791 1345 1865 multae

264 1885 371 1962 brevi
397 1897 616 1988 temporeo
649 1883 873 1986 perentibus
907 1911 985 1962 uon
1019 1887 1264 1962 mediocriter
1288 1889 1344 1963 de-

262 1991 516 2084 generarunt,
554 1989 790 2086 maximaque
821 1985 947 2058 enate'
968 1987 1029 2056 est
1059 2010 1243 2060 novarum
1276 1985 1345 2058 ior-

265 2109 407 2162 marum
438 2087 614 2175 varietas,
653 2107 809 2182 quarum
842 2079 1024 2180 adspectu
1056 2085 1094 2153 et
1124 2087 1345 2182 contagione

265 2185 377 2254 etiam
401 2189 550 2264 veteres
573 2183 714 2282 passim
747 2181 918 2252 civitates
948 2176 1187 2256 multifariam
1224 2189 1246 2252 a'
1278 2184 1345 2278 pri·
1407 2255 1408 2260 ,

265 2282 362 2352 stine
387 2286 534 2364 ratione
559 2285 693 2380 uiaque
719 2278 871 2350 avocari
896 2299 1052 2348 neeesse
1079 2281 1175 2349 erat.
1218 2279 1345 2378 'Neque

265 2377 364 2449 iutra
389 2375 531 2448 formas
557 2401 682 2453 ceruum
712 2370 949 2493 publicarum
980 2377 1231 2474 institutaque
1264 2379 1343 2447 civi-

266 2469 317 2544 lia
348 2471 558 2552 huiusmodi
591 2473 819 2546 mutationes
856 2467 1160 2564 continebantur,
1202 2471 1272 2544 sed
1303 2469 1343 2543 ad
1406 2529 1407 2540 ,

266 2595 397 2646 omnes
436 2574 580 2669 pariter
625 2573 723 2642 vilae
762 2574 909 2666 partes,
947 2565 993 2638 ed
1034 2570 1156 2661 entes,
1193 2567 1345 2660 litteras,

266 2663 501 2764 disciplinam
533 2664 792 2766 pertinebant,
832 2689 929 2764 quae
970 2660 1127 2738 liberius
1165 2668 1345 2740 tractatae

264 2765 475 2864 veterisque
501 2762 782 2837 consuetudinis
807 2759 965 2834 vinculis
981 2759 1127 2834 solutae
1152 2789 1291 2836 novam
1313 2769 1343 2834 in

265 2865 372 2934 novis
418 2861 630 2940 civitatibus
674 2858 807 2942 sociem
849 2855 1073 2948 induebant,
1114 2861 1345 2960 nocendique
1405 2871 1406 2874 ’

264 2961 376 3032 etiam
401 2959 594 3038 ueteribus
619 2954 830 3054 exemplum
856 2965 969 3055 atque
983 2955 1179 3054 impulsum
1200 2956 1343 3032 dabant.

685 3171 715 3240 §-
740 3157 923 3232 XXVlll.

359 3328 513 3412 Diversi
535 3330 704 3426 generis,
730 3326 921 3438 multoque
948 3328 1068 3425 magis
1092 3326 1342 3402 Romanorum

266 3507 467 3524 m

335 3587 380 3660 13)
399 3588 533 3664 Thucyd.
551 3588 571 3648 l.
588 3589 608 3644 l.
626 3608 690 3644 eum
709 3588 799 3644 eebol.

334 3712 381 3781 14)
400 3717 445 3770 De
463 3714 671 3779 sacerdotibus,
692 3717 803 3768 etiamsi
821 3711 995 3768 scholiastae
1015 3710 1148 3782 Thucyd.
1160 3712 1189 3778 l.
1209 3712 1229 3767 l.
1249 3717 1341 3782 exigua

264 3789 418 3840 auotoritas
450 3795 502 3852 est,
529 3788 589 3857 yid.
621 3795 717 3842 tumen
745 3783 901 3858 Spenbem.
934 3805 961 3856 p.
993 3786 1055 3851 575,
1074 3781 1202 3838 'Eeltheb
1232 3787 1340 3848 doctrin·

261 3874 368 3922 numm.
386 3859 431 3910 lv
450 3871 478 3923 Ρ.
502 3861 562 3914 206.
598 3861 643 3913 De
667 3859 868 3936 epidamiurgis
900 3856 1040 3910 Corintho
1065 3858 1235 3910 Potidaeam
1259 3861 1339 3910 missis

263 3928 321 3982 vid.
340 3927 472 3998 'l'hueyd.
494 3933 515 3994 Ι,
534 3932 578 3985 56.
598 3929 658 3983 Sed
676 3929 847 4002 antepodium
864 3929 996 4001 Heyuius
1014 3941 1041 3993 P.
1066 3929 1120 3983 323
1142 3947 1203 3982 non
1229 3929 1337 3983 ‹lubebet
1402 3923 1403 3979 l

257 3999 321 4066 buo
337 3998 454 4066 referre.
473 4003 518 4056 ci.
538 4017 616 4076 supr.
634 4005 669 4056 P.
687 4003 731 4055 IV
752 4001 777 4066 §.
796 4003 823 4068 5,
841 4002 868 4060 5·

334 4123 380 4187 15)
401 4125 446 4178 Cf.
467 4123 600 4193 Thucyd.
619 4125 671 4188 v1,
689 4127 716 4182 4.
734 4125 819 4190 Pind.
839 4123 928 4196 Pyth.
948 4125 974 4192 l,
993 4123 1039 4184 61.
1055 4125 1121 4178 Rue
1131 4127 1258 4195 pertinet
1274 4120 1336 4195 quod

264 4200 348 4264 eliam
367 4215 546 4264 nummorum
566 4195 664 4261 eedem
681 4199 713 4260 in
731 4196 854 4266 poloniis
863 4213 937 4272 quae
955 4200 987 4262 in
1004 4197 1157 4272 metropoli
1168 4201 1251 4268 signe
1262 4201 1338 4249 eraut
1401 4209 1402 4271 p

264 4267 417 4344 spanhem.
437 4281 465 4350 P·
484 4269 538 4336 ,⁵0⁸
556 4287 617 4353 ,sun
875 4275 877 4280 '
1400 4347 1401 4350 Ἴ
