2822 5082
255 307 257 314 ’
302 331 377 407 aaa
507 332 547 406 V.
571 334 631 407 ne
654 356 700 406 ιι
718 299 877 432 maroa
901 328 1199 416 Αιιιιιέιιιιιιιι.

265 517 270 528 “
303 513 452 619 quidem
478 511 643 589 dubitari
668 541 745 588 non
771 519 910 611 potest,
937 517 1000 588 sat
1024 509 1179 610 longum
1204 515 1294 585 aar
1317 509 1365 585 dc·

304 617 556 712 signationem
571 629 609 688 ct
620 617 835 710 ingressum
849 608 1255 684 munerisintervallum
1264 609 1369 700 luisse,

304 709 406 810 qnod
428 707 688 784 examinandis
709 713 782 782 rito
797 704 1078 808 probandisque
1093 705 1296 805 designatis
1310 732 1370 778 na·
1395 789 1396 794 ἵ

304 805 529 903 gistratihus
555 805 749 880 sufficeret
762 807 807 904 ⁵).
858 806 1071 878 Praeerant
1096 807 1221 876 autem
1247 804 1300 876 his
1321 830 1369 874 co·
1395 799 1396 806 '

305 909 419 978 mitiis
443 907 598 1003 practer
621 907 804 1004 prytanea
830 904 869 976 et
898 897 1088 1000 proedros
1121 903 1234 974 etiam
1262 926 1372 972 nonen

307 1000 523 1093 archontes,
549 1011 652 1076 certe
677 1005 715 1074 in
740 999 954 1074 militarium
980 1001 1265 1096 magistratuum
1290 1023 1396 1102 crea,

307 1104 408 1172 tione
423 1103 471 1193 6).
521 1095 725 1190 Petitaros,
750 1100 962 1188 σπουδάρχαι,
996 1121 1108 1196 quum
1126 1094 1299 1182 ¹ambiunt
1326 1094 1374 1166 ho

306 1221 452 1287 norem,
475 1197 741 1289 ἀρχαιρεσιάζειν,
764 1195 986 1283 σπουδαρχιᾶν
1012 1191 1187 1266 dicuutur
1200 1195 1255 1291 ⁷):
1278 1216 1396 1290 neque,

308 1291 471 1366 ambitus
495 1289 616 1363 malae
642 1292 745 1362 artes
771 1285 871 1386 apud
901 1286 1174 1384 Athenienses,
1207 1291 1396 1388 posteris]

306 1388 415 1462 ribus
442 1385 589 1489 quidem
614 1383 860 1486 temporibus,
892 1387 958 1456 aut
982 1390 1149 1460 rariores
1182 1412 1292 1488 quam
1314 1385 1396 1478 nc}

307 1513 391 1558 mae
417 1488 483 1558 aut
507 1481 712 1558 levioribus
737 1486 873 1583 poenis
898 1487 1066 1558 sancitae
1093 1493 1203 1558 erant
1218 1486 1266 1582 ⁸).
1310 1481 1396 1576 llic-l

307 1584 375 1656 bat
399 1585 524 1656 tamen
549 1607 816 1682 nonnunquam
841 1579 885 1652 ut
910 1581 1022 1653 ctiam
1049 1578 1231 1656 absentes
1257 1581 1293 1653 et
1319 1597 1396 1680 nonq

307 1687 481 1780 petentes
507 1706 529 1752 a
553 1677 696 1778 populo
724 1678 945 1752 crearentur
959 1679 1008 1772 ⁹).
1046 1677 1125 1767 Qui
1143 1679 1378 1766 creationum,
1395 1687 1396 1732 l

308 1781 457 1852 eiurare
483 1803 617 1850 munus
641 1777 820 1874 poterant
834 1776 995 1873 propter
1008 1780 1176 1849 sonticas
1192 1776 1378 1863 cansas¹⁰):

306 1878 400 1947 inito
426 1877 549 1948 antem
575 1900 728 1948 munere
753 1874 895 1971 privari
921 1897 1052 1945 omnes
1077 1900 1101 1946 a
1125 1873 1270 1972 populo
1293 1873 1379 1970 pole·

307 1976 413 2065 rant,
445 1975 478 2044 si
511 1969 714 2071 deliquisse
750 1969 977 2047 viderentur.
1026 1971 1133 2043 Hanc
1166 1968 1218 2043 ob
1252 1971 1396 2056 causan}

305 2072 345 2142 in
398 2073 491 2142 rima
516 2073 698 2168 cuiusque
724 2070 922 2168 prytaniac
955 2066 1117 2141 ecclesia
1142 2067 1313 2165 legitima
1333 2067 1396 2162 rol

306 2095 475 2264 gadalur
500 2163 549 2238 ab
577 2163 824 2239 archontibus
837 2162 1016 2262 populus,
1042 2163 1310 2238 viderenturne
1323 2187 1380 2234 ma·

306 2265 493 2360 gistratns
520 2261 647 2336 ollicio
661 2269 765 2335 recto
779 2259 886 2358 iungi
900 2287 948 2332 an
968 2287 1091 2356 secus,
1117 2259 1381 2361 relinquendine
1395 2293 1396 2300 1

306 2363 345 2431 iu
377 2385 532 2434 munera
559 2387 607 2433 au
632 2357 831 2432 amovendi
856 2365 984 2431 esseut
998 2359 1055 2455 11).
1105 2356 1270 2432 Licebat
1293 2361 1381 2431 etian

309 2461 426 2530 cuivis
458 2455 518 2530 vel
548 2459 783 2558 privatarum
815 2458 1038 2529 iniuriarum
1071 2455 1249 2558 querelas
1265 2457 1309 2547 ¹²)
1340 2449 1396 2524 vel

306 2551 546 2652 publicorum
590 2552 815 2632 delictorum
860 2550 1000 2627 iudicia
1036 2558 1103 2628 aut
1139 2558 1383 2627 accusationes

308 2712 510 2733 ——uun---au-³

377 2816 411 2888 5)
429 2817 474 2873 cf.
493 2815 561 2873 infr.
581 2837 604 2874 c.
622 2821 639 2875 5
658 2817 683 2886 ἓ.
703 2817 748 2874 38.

247 3003 250 3010 r
292 2985 296 2991 ‚
377 2923 409 2992 6)
427 2923 537 2980 Pollux
556 2927 642 2994 vlit,
661 2925 706 2980 87.
727 2924 763 2978 da
782 2927 891 2980 comitt.
909 2942 936 2995 p.
956 2923 1020 2978 327.

377 3031 406 3098 7)
426 3033 502 3086 Ibid.
522 3060 554 3072 -
576 3032 622 3089 (li.
641 3034 729 3086 Arist.
749 3031 836 3102 Polit.
856 3033 939 3100 1,.1,
958 3031 976 3084 6
995 3050 1019 3084 c.
1045 3027 1218 3084 Schneideri
1242 3049 1340 3086 comm.
1363 3013 1396 3099 p.1

305 3102 368 3156 305.
404 3108 570 3179 Xatpororlar
584 3103 731 3177 μνησιεῦειν
749 3112 794 3157 est
812 3103 888 3174 apud
908 3105 996 3156 isocr.
1017 3101 1054 3155 dc
1071 3121 1135 3174 pac.
1157 3122 1181 3154 o.
1200 3105 1227 3157 ὅ.
1256 3105 1396 3157 Pectora

306 3177 355 3246 qui
378 3183 578 3248 proponuntur
601 3175 710 3248 populo
734 3175 927 3249 npossdldeodm
951 3176 1093 3228 dicuntur.
1141 3174 1208 3226 vid.
1229 3175 1265 3228 dc
1292 3161 1396 3232 comittl

304 3264 335 3315 p.
351 3247 413 3300 328.
450 3250 496 3301 Ex
523 3268 557 3301 eo
577 3249 655 3320 quod
681 3246 877 3316 Plalosliegg.
903 3247 949 3302 vl
972 3267 998 3318 p.
1018 3248 1070 3300 765
1095 3248 1130 3298 Β.
1159 3244 1338 3321 ἀντιπροβολὴν
1364 3249 1396 3298 etl

303 3324 511 3391 προχειροτονιαν
532 3322 644 3372 institui
667 3319 784 3386 suadet,
812 3317 885 3371 hacc
916 3321 958 3371 ita
987 3321 1072 3371 etiarn
1106 3317 1182 3389 apud
1206 3319 1382 3372 Athenienses

262 3400 271 3412 ‘
306 3391 467 3444 obtinuisse
485 3393 668 3444 Hermanuus
687 3390 865 3460 dc-vcstigg.
887 3398 958 3442 vctt,
976 3392 1079 3444 iustitt.
1101 3401 1154 3442 ctc.
1174 3409 1200 3462 p.
1219 3391 1256 3444 lo
1275 3389 1382 3448 coniicit,

306 3461 439 3528 calidius,
455 3465 567 3532 opinor,
582 3481 671 3586 quam
691 3464 812 3517 cautius.
849 3463 957 3514 Mirum
977 3469 1054 3514 certe
1078 3461 1156 3514 foret
1179 3461 1291 3516 nullum
1310 3460 1396 3528 huius,

304 3535 347 3586 rei
367 3533 505 3587 indicium
523 3553 580 3606 apn
620 3533 694 3587 alios
712 3537 868 3606 scriptores
887 3541 996 3587 extare.
1395 3539 1396 3544 ’

376 3639 404 3708 8)
422 3643 468 3694 De
488 3643 596 3698 comitt.
615 3660 643 3713 p.
662 3642 716 3696 327
728 3659 771 3714 aq.

279 3803 281 3806 ,
371 3743 405 3817 9)
426 3746 571 3803 Plutarch.
590 3747 681 3806 Phoc.
699 3767 723 3802 o.
741 3747 767 3806 8.

303 3924 356 3980 m
375 3852 424 3922 lo)
443 3857 490 3908 Da
509 3859 617 3911 comilt.
636 3868 665 3922 p·
684 3854 748 3910 329.
793 3853 839 3909 cf.
857 3855 922 3912 Ast.
941 3852 978 3906 ad
1001 3849 1131 3924 Teophr.
1148 3848 1234 3914 sohar.
1257 3869 1281 3904 c.
1308 3848 1342 3902 24
1360 3857 1381 3908 1³·

375 3945 418 3998 sq.

375 4031 423 4100 11)
443 4035 526 4091 Haec
550 4041 594 4088 cst
616 4035 797 4107 ἐπιχειροιυνῑα
818 4032 869 4088 τῶν
891 4031 1040 4106 ἆρχόντων,
1071 4032 1107 4084 de
1131 4049 1188 4102 qua
1211 4029 1270 4083 vid.
1287 4022 1383 4080 Pollux

303 4101 385 4171 VIII,
405 4107 448 4158 95.
486 4109 627 4180 Harpocr.
647 4113 677 4160 ct
695 4106 778 4159 auid.
796 4124 819 4158 ι.
839 4124 867 4158 v.
884 4109 961 4179 κυρία
978 4106 1103 4170 ἐκκλησία.
1137 4103 1214 4159 Add.
1234 4101 1269 4154 de
1288 4097 1382 4150 comilt

302 4183 332 4236 Ρ.
352 4177 415 4230 231.
451 4178 555 4231 Meier.
575 4179 611 4231 de
629 4179 698 4235 bon.
718 4177 812 4230 damn.
831 4189 859 4242 P.
877 4177 922 4230 89.
959 4175 1088 4229 Platnar.
1112 4177 1197 4228 Proc.
1217 4176 1233 4226 1
1251 4185 1278 4237 Ρ.
1295 4168 1353 4224 330.

377 4279 427 4344 12)
445 4285 588 4358 Προβολάς.
626 4283 695 4336 vid.
714 4281 750 4336 de
769 4285 876 4336 comitt.
895 4295 924 4347 p.
944 4283 997 4338 229
1015 4302 1077 4354 sqq.
1098 4287 1127 4334 et
1144 4282 1207 4334 330.
1234 4268 1382 4335 vianna.

301 4349 362 4404 crit.
385 4353 482 4407 Berol.
501 4373 566 4410 ann.
585 4355 655 4411 1827
674 4373 720 4408 no.
734 4356 786 4410 176
805 4367 834 4420 Ρ.
854 4355 925 4410 1402
942 4374 986 4428 sq.
1006 4361 1035 4408 ct
1051 4352 1118 4407 infr.
1139 4349 1166 4423 ᾗ.
1184 4353 1228 4408 31.
