2822 5082
229 465 232 474 Ι
262 347 338 424 252
467 348 507 423 V.
531 347 591 422 De
614 369 660 422 re
677 343 838 449 publico
860 346 1156 480 Albeor‘eoeeirm.
1383 377 1386 498 Ρ

210 601 214 608 .
261 535 317 608 rie
348 535 472 604 nutem
507 527 743 631 temporibus
774 554 864 603 raro
901 533 1024 606 onneti
1037 533 1071 629 ³)
1130 530 1321 636 plerumque

263 626 340 713 bini
365 634 432 702 aut
454 631 552 706 terni
576 635 641 702 aut
664 625 792 727 paullo
807 625 936 726 plures
951 583 1230 726 emittebantur,
1252 659 1321 733 qno·
1384 631 1385 726 Ρ

260 751 344 802 rum
369 725 435 800 aul
458 750 556 803 unus
579 724 736 825 reliquis
761 722 934 798 omnibus
957 729 1153 825 praeerat,
1178 731 1243 802 aut
1262 734 1323 828 pari
1384 733 1385 813 l

176 815 187 840 ⁹
262 849 393 900 omnes
431 826 513 896 iure
553 823 592 896 el
624 826 807 898 communi
839 821 998 896 oonsilio
1033 849 1113 898 rem
1148 823 1322 924 gerebant,

261 927 329 994 aul
341 919 404 995 aiii
420 926 536 1010 terra,
550 917 612 994 alii
623 923 729 1013 mari,
743 919 828 995 deni
859 944 905 992 ne
921 919 983 993 alii
997 923 1036 994 in
1046 919 1128 994 aliis
1142 927 1323 1022 provincis

259 1014 499 1138 imperabant
510 1018 557 1109 ⁴).
602 1018 688 1136 lieo
712 1041 802 1090 raro
827 942 944 1092 liebal
968 1024 1010 1090 ut
1034 1021 1147 1092 extra
1179 1019 1324 1125 ordinem
1381 1102 1385 1115 Ι

258 1111 1077 1312 itttgtiff'tinbbni?,itti'ttitt‘tl
1093 1119 1325 1288 *bibiti
1384 1226 1385 1306 n

259 1312 320 1384 nis
349 1311 475 1383 autem
509 1311 635 1384 aetate
665 1307 885 1476 plerumque
909 1305 991 1382 bini
1015 1311 1161 1384 tantum
1186 1314 1326 1408 strategi
1384 1311 1385 1342 ³

260 1404 309 1480 ad
331 1404 472 1481 bellum
493 1403 755 1500 mittebantur,
780 1413 799 1486 ὁ
831 1411 1074 1478 mentonem
1092 1434 1121 1482 s.
1144 1409 1284 1480 numo
1301 1414 1328 1480 et
1384 1455 1385 1500 Ρ

258 1505 356 1580 lint
376 1513 443 1574 ιιὸι
470 1500 596 1572 imitar
608 1505 655 1600 ⁶).
704 1503 891 1605 Reliquos
915 1503 979 1578 ille
1005 1507 1176 1606 queritur
1201 1511 1327 1579 otiosos

259 1599 361 1678 domi
386 1599 539 1702 degere,
563 1625 722 1701 pompas
746 1627 830 1676 oum
862 1599 1083 1678 sacrificulis
1104 1600 1326 1693 dueentem).
1383 1641 1385 1711 Ρ

258 1761 459 1782 με*

329 1843 362 1917 8)
380 1845 503 1902 Nullum
520 1849 590 1902 ratis
607 1853 717 1902 eertum
734 1844 822 1900 huius
839 1849 882 1902 rei
901 1843 1061 1920 exemplum
1081 1854 1126 1902 est
1142 1853 1210 1921 post
1221 1859 1328 1920 pugnam

256 1917 480 1990 Marathoniem,
497 1927 699 1994 praeterquam
718 1920 794 1993 apud
811 1917 959 1974 Plutarch.
979 1921 1093 1974 (limen.
1112 1938 1137 1976 e.
1156 1921 1184 1977 8.

326 2025 359 2096 4)
378 2027 449 2084 Vid.
468 2027 505 2082 de
523 2031 632 2083 oomitt.
649 2048 679 2102 p.
697 2028 752 2084 ³14
769 2033 830 2083 net.
851 2027 893 2082 le.

327 2134 357 2202 b)
374 2134 466 2190 Extra
488 2135 618 2190 ordinem
641 2140 760 2208 apparet
783 2133 921 2190 cleonem
945 2136 1085 2190 exercitui
1105 2134 1310 2209 praefectum·

255 2205 389 2286 Thucyd.
408 2211 462 2277 IV,
480 2209 516 2264 28
535 2216 564 2262 et
580 2207 804 2262 Demosthenem
822 2207 861 2260 ib.
880 2225 903 2258 e.
926 2207 953 2260 2.
989 2209 1082 2262 Porro
1107 2209 1182 2280 apud
1207 2155 1329 2279 Xenopb:

255 2279 371 2333 Hellen.
389 2281 412 2347 1,
430 2281 458 2348 4,
476 2283 510 2334 21
530 2287 666 2352 quattuor
683 2279 814 2332 videmus
831 2281 1017 2349 imperatores
1028 2281 1128 2348 emitti,
1148 2280 1250 2352 quibus
1259 2280 1330 2332 brevi
1385 2287 1386 2354 Ρ

276 2359 458 2423 osttempore
477 2355 597 2426 imperio
615 2354 735 2423 privatis
752 2350 936 2403 sullieiuntur
953 2351 1060 2420 decem,
1080 2371 1140 2424 oep.
1152 2353 1178 2418 5,
1189 2353 1231 2406 le.
1255 2350 1329 2422 Apul
1385 2361 1386 2402 ἐ

285 2421 389 2494 bueyd.
409 2425 438 2490 1,
461 2426 496 2478 b'l
521 2423 652 2476 undeeim
671 2424 791 2489 strategi
808 2430 884 2486 sunt,
901 2441 1025 2494 moxque
1044 2443 1104 2495 oap.
1122 2425 1156 2478 61
1178 2424 1274 2476 eadem
1292 2442 1329 2476 ee·
1385 2433 1386 2477 i

255 2504 329 2549 state
349 2499 475 2567 quinque
493 2495 543 2549 elii
558 2495 721 2549 mittuntur.
757 2495 876 2548 Possint
894 2495 1033 2548 eiusmodi
1055 2495 1186 2567 exempla
1199 2495 1285 2549 multe
1302 2511 1331 2546 ex
1385 2524 1386 2551 n

253 2566 400 2629 historiole
419 2565 523 2630 efferri,
542 2566 592 2620 sed
613 2585 695 2638 quae,
714 2573 746 2619 ut
762 2568 913 2638 perspicua
932 2567 1064 2621 omnibus
1083 2569 1163 2632 liant,
1182 2566 1330 2636 longiorem

255 2639 477 2711 disputationem
491 2641 651 2712 requirunt,
670 2657 754 2710 quem
773 2637 820 2691 hie
837 2637 920 2690 loeus
943 2657 1003 2691 uon
1028 2642 1111 2711 oepit.
1149 2639 1209 2692 Sed
1234 2647 1330 2691 eertum

255 2718 301 2766 eet
324 2713 490 2783 saepissime
512 2710 755 2766 extraordinarios
776 2711 965 2780 imperatores
988 2713 1157 2766 exercitione
1181 2709 1330 2782 praelector

256 2791 307 2840 eut
323 2782 402 2838 solos
421 2790 471 2836 eut
489 2803 553 2838 eum
564 2781 603 2836 eli
624 2791 675 2836 uot
685 2783 837 2835 ordinariis
853 2781 957 2836 sehse:
976 2781 1086 2854 quodsi
1100 2791 1208 2849 teneas,
1226 2781 1330 2848 multae,
1385 2803 1386 2813 2

254 2853 335 2928 quae
348 2855 420 2909 alies
437 2854 606 2910 inextrieahi
621 2873 651 2908 es
668 2854 805 2908 videntur
824 2853 1008 2908 diffloultates
1024 2857 1056 2908 in
1080 2857 1250 2924 scriptorum
1272 2871 1331 2906 ner·

252 2927 416 2982 rationibus
445 2936 474 2980 et
497 2931 528 2981 iu
550 2925 785 2996 inscriptionibus
812 2924 898 2978 facile
920 2925 1083 2980 solvuntur.
1120 2925 1165 2980 cf.
1192 2932 1221 2978 et
1239 2928 1330 2980 Μοίρι.

252 2999 339 3053 Proe.
356 3001 417 3052 Aen.
436 3017 464 3070 Ρ.
485 3000 546 3053 loo.
582 2997 711 3050 Boeekb.
731 2999 815 3068 Gorp.
835 2999 924 3052 inser.
942 2999 1060 3069 1Ρ.291
1078 3006 1107 3051 et
1125 2997 1187 3051 906.
1205 2995 1328 3052 Mueller.

252 3072 283 3124 in
302 3073 380 3124 Dier.
400 3071 530 3140 Gotting.
549 3088 616 3122 eun.
638 3069 707 3124 1828
724 3067 783 3121 vol.
804 3070 832 3123 11
849 3090 876 3142 Ρ.
898 3070 967 3124 1367
986 3088 1027 3141 sq.
1046 3069 1217 3122 Grotelend.
1236 3070 1269 3121 de
1287 3069 1329 3119 nle-
1387 3069 1388 3074 ’

252 3144 307 3196 mis
330 3163 358 3215 p.
377 3142 422 3196 26.
460 3142 535 3195 eod.
554 3143 710 3195 Hermann.
730 3158 826 3210 progr.
844 3141 930 3197 indie.
950 3151 1066 3193 oenum.
1085 3141 1163 3194 erud.
1184 3159 1250 3194 ann.
1270 3140 1351 3194 leet.
1388 3171 1389 3221 Ρ

252 3233 282 3287 Ρ.
300 3214 327 3272 tl.
359 3216 450 3268 Wex.
466 3213 595 3285 prolegg.
613 3213 650 3266 ad
669 3211 760 3285 Soph.
779 3215 877 3282 Antig.
897 3231 923 3284 p.
944 3214 1069 3267 15-21.

325 3320 359 3388 e)
376 3320 526 3374 Demosth.
547 3321 583 3375 (le
608 3337 706 3376 eonon.
725 3340 753 3392 p.
773 3319 835 3374 265.
860 3317 923 3374 238·
964 3318 1009 3373 cf.
1034 3319 1102 3390 hys.
1126 3322 1156 3373 in
1182 3323 1284 3390 ningit
1304 3337 1326 3390 Ρ.
1389 3321 1390 3326 ’

252 3390 316 3446 894.
355 3394 489 3446 Ceterum
508 3391 655 3446 hebebant
672 3391 724 3446 illa
742 3399 837 3444 aetate
854 3389 1047 3445 Athenienses
1071 3391 1177 3444 milites
1201 3393 1326 3465 plurimos

252 3467 445 3518 mercenarios
470 3484 626 3537 eorumque
650 3467 838 3536 imperatores
862 3466 1040 3534 peregrinos.
1076 3464 1120 3516 cf.
1138 3463 1212 3518 Plet.
1231 3467 1287 3518 lon.
1302 3481 1325 3533 p.

252 3537 289 3590 45
306 3535 436 3591 Nitzsch.
455 3556 517 3590 oum
538 3538 656 3594 editoris
674 3544 753 3594 note.
789 3536 891 3590 Melet.
911 3537 943 3587 Ρ.
961 3539 998 3588 Α.
1018 3546 1046 3602 p.
1066 3535 1118 3588 1⁰6
1136 3545 1198 3588 not.
1218 3537 1259 3590 1⁰.

323 3641 353 3708 7)
374 3641 495 3715 Philipp·
519 3644 535 3702 I
559 3664 587 3716 p·
606 3645 649 3700 47.
667 3671 704 3694 -.
740 3644 1008 3698 commemorentur
1030 3647 1180 3728 praeterea
1208 3634 1331 3716 στρατηγὶς

251 3712 294 3774 ἰπὶ
308 3715 350 3783 τῆς
361 3715 460 3788 χώρας,
480 3713 554 3770 Plut.
573 3714 663 3770 Phoe.
684 3735 709 3770 o.
727 3717 772 3783 32,
795 3708 933 3790 στρατηγὶς
952 3713 995 3766 tut
1014 3731 1058 3780 την
1076 3714 1173 3786 χώραν
1192 3710 1237 3780 τὴν
1251 3731 1328 3786 παρα-

251 3789 319 3851 tter,
339 3789 424 3858 Gorp.
444 3789 534 3840 Insor.
553 3789 568 3841 1
585 3808 612 3860 p·
630 3789 683 3844 311
708 3786 756 3851 (ex
775 3784 927 3852 01.123.)‚
949 3781 1085 3856 mpunwif
1105 3786 1147 3838 ent
1169 3781 1214 3852 τὴν
1235 3793 1326 3839 Moero·

248 3863 317 3931 χίιιν
333 3859 381 3912 sal
396 3856 427 3912 ui
445 3859 539 3932 νεώρια
557 3865 793 3933 semermium,
815 3856 948 3912 Dinerob.
967 3859 998 3910 in
1017 3855 1142 3910 l'hiloel.
1160 3877 1189 3928 p.
1208 3858 1252 3912 92.
1282 3856 1327 3908 llis

253 3931 459 3986 accensendum
470 3939 539 4002 puto
552 3931 762 3990 Archedemum
780 3930 822 3998 τῆς
837 3931 965 3984 Δεκελείας
979 3929 1175 3998 ἐπιμελούμενον
1193 3927 1327 4000 epudlie·

251 4001 433 4074 noph.‚flell.
450 4004 474 4068 Ι,
494 4003 519 4068 7,
539 4005 564 4055 2.
583 4029 617 4041 -
636 4003 661 4054 Ε
680 4001 751 4055 locis
769 3995 925 4056 Demosth(
938 4017 1024 4070 supra
1042 3999 1130 4053 nobb
1150 4001 1327 4053 citatisetiem

250 4072 390 4148 στρατηγὸν
404 4072 447 4128 ent
461 4073 503 4141 ιῆς
517 4074 659 4141 διοικήσεως
675 4073 765 4126 luisse
784 4072 952 4140 collegimus
976 4087 1030 4139 ego
1055 4071 1091 4122 de
1115 4075 1221 4125 comitt.
1239 4083 1264 4136 Ρ.
1282 4067 1327 4122 314

253 4153 283 4198 et
300 4147 401 4198 Meter.
421 4148 503 4198 Proo.
523 4149 622 4218 Attp
652 4147 703 4200 105
728 4163 790 4198 cum
818 4143 938 4198 Reislrio
963 4145 992 4195 in
1023 4139 1138 4194 Sobuef.
1161 4141 1326 4216 appruerit.

170 4213 181 4236 ⁴
252 4223 321 4274 tom.
340 4219 370 4283 11
388 4229 415 4282 Ρ.
435 4218 495 4270 172.
530 4216 590 4270 Alii
609 4223 790 4290 quaestorem
810 4217 889 4268 illum
911 4215 1055 4281 designari
1081 4214 1274 4279 erediderunt,
1295 4209 1325 4261 de

253 4307 310 4362 quo
334 4307 421 4359 supra
443 4286 549 4341 dietum
574 4297 626 4342 est.
664 4289 724 4342 sed
750 4287 851 4361 quidni
874 4285 1005 4339 militaris
1030 4289 1133 4338 aerarii
1156 4305 1224 4339 eure
1244 4285 1290 4337 uni
1311 4299 1324 4332 e

251 4368 443 4431 strategorum
469 4359 592 4430 collegio
619 4363 771 4417 oommisse
792 4361 844 4430 sit,
867 4356 1105 4432 quemadmodum
1129 4357 1218 4416 semel
1239 4355 1326 4425 reptet
