2838 5080
246 329 321 406 398
442 327 507 406 Vl.
531 331 592 406 110
615 328 810 404 instricta}
832 328 932 403 torst
952 333 1139 424 gentilem.

247 509 510 612 auctoritatem
544 512 646 586 nacti
678 513 765 603 sint,
795 535 1058 614 responsoque
1091 542 1168 590 non
1201 492 1335 600 callide

246 608 520 702 continuerint,
554 606 624 682 scd
660 610 840 682 instinctu
878 609 1058 711 quodam,
1097 640 1206 714 quern
1250 616 1337 691 licet

246 733 338 783 sane
364 731 534 794 errorem
560 705 699 799 dicere,
724 731 852 779 verum
879 711 942 808 qui
975 707 1049 783 illis
1085 713 1208 786 tamen
1244 713 1335 787 divi-

245 831 318 880 nus
343 801 550 894 videbatur,
582 808 762 904 tanquam
793 806 912 901 ipsius
944 803 1005 880 dei
1036 814 1177 882 monita
1209 811 1337 885 edide-

246 903 390 995 riut¹³).
423 897 570 975 Postea
595 927 700 995 vero,
727 921 839 1002 quum
865 903 931 974 aut
955 908 1081 1001 gratia
1107 912 1172 980 out
1198 909 1339 983 invidia

246 1007 313 1074 aut
351 1001 452 1074 metu
491 1000 557 1072 ant
587 1002 699 1072 etiam
733 1001 856 1096 pretio
897 1004 1067 1100 corrupti
1103 1003 1339 1103 respondere

247 1095 662 1269 ‘¹¹¹⁰lltillssllll
684 1094 1340 1274 pitilil“liltzlllnll‘ffl

245 1221 364 1367 lletiam
391 1291 559 1392 evulgo
584 1220 740 1368 necedde
765 1220 921 1388 erat¹⁴)p.
1205 1253 1218 1294 ⁹

243 1631 280 1702 5.
319 1617 694 1746 Deloederibus
726 1623 1003 1797 populorum
1032 1631 1163 1705 iutra
1194 1636 1341 1707 unius

454 1723 765 1800 terraelrnas
822 1721 1120 1802 ahrtantium.

690 1905 723 1986 r.
749 1891 892 1966 xvnr.

340 2026 468 2116 Quum
495 2027 601 2100 varia
625 2020 821 2098 foederum
845 2050 992 2124 genera
1007 2026 1240 2102 Graecorum
1268 2055 1342 2129 po-

240 2123 331 2225 puli,
356 2125 473 2224 prout
498 2146 648 2224 quoque
670 2128 839 2221 tempore
864 2131 930 2197 ant
944 2121 1117 2198 utilitatis
1143 2129 1241 2200 ratio
1270 2137 1341 2201 aut

241 2224 453 2297 necessitas
484 2219 645 2312 iuberet,
679 2222 883 2320 iungerent
919 2225 1019 2294 inter
1058 2248 1100 2295 se
1131 2227 1340 2326 iunctaque

239 2346 373 2396 rursus
400 2317 724 2410 dissolverentO,
758 2316 896 2392 multae
931 2321 1056 2393 tamen
1089 2347 1340 2418 peromnem

238 2417 437 2508 Graeciam
463 2417 634 2489 civitates
660 2419 780 2504 erant,
813 2412 949 2516 quihus
982 2417 1039 2494 vel
1074 2421 1202 2516 stirpis
1227 2447 1339 2495 com·

191 2559 205 2580 ,
240 2516 367 2586 munio
403 2509 467 2586 vel
501 2511 645 2586 sedium
685 2514 856 2586 vicinitas
899 2512 1068 2616 finesque
1112 2542 1337 2592 communes

239 2614 441 2685 arctiorem
467 2613 566 2684 inter
590 2611 695 2708 ipsas
730 2613 768 2684 et
800 2610 1073 2684 diuturniorem
1104 2617 1336 2690 societatem

238 2705 459 2801 effecerunt,
485 2709 539 2798 ut,
566 2710 712 2780 etiamsi
744 2733 848 2782 suam
908 2735 1053 2810 tiaeque
1087 2735 1167 2783 rem
1201 2711 1335 2807 publi-

238 2832 319 2878 cam
345 2809 548 2903 separatim
574 2801 778 2900 habebant,
805 2736 1035 2904 depdurimis
1060 2815 1184 2880 tamen
1209 2807 1336 2885 rebus

235 2905 275 2976 iu
301 2928 496 2978 commune
523 2901 774 2997 consulerent,
791 2902 952 3004 ideoque
977 2912 1184 2978 conventus
1210 2931 1335 3006 quos-

237 2998 321 3074 dam
347 2996 598 3092 celebrarent,
622 3002 660 3072 in
686 2999 821 3100 quibus
852 3007 891 3083 et
916 3005 1198 3076 controversiae
1222 3011 1334 3101 ipsa-

235 3124 318 3172 rum
342 3095 510 3196 legitime
536 3095 850 3195 disceptarentur,
876 3105 914 3173 et
939 3095 1029 3172 belli
1051 3103 1231 3200 pacisque
1258 3102 1332 3176 ad·

235 3221 369 3269 versus
395 3209 553 3270 exteros
578 3191 737 3268 consilia
762 3199 990 3297 caperentur
1003 3198 1049 3295 ²).
1104 3197 1332 3275 Huiusmodi

306 3435 355 3506 1³)
374 3440 421 3492 Do
440 3439 625 3509 ambiguitate
644 3439 826 3494 oraculorum
846 3441 905 3502 rid.
925 3461 1024 3495 sanum
1035 3441 1167 3495 Jacobsii
1186 3441 1328 3497 iudicium

233 3508 254 3562 l·
272 3507 292 3562 l.
311 3527 339 3582 p·
357 3510 421 3564 ³56.
440 3513 475 3563 in
496 3515 575 3564 univ·
595 3509 631 3564 cl·
650 3512 786 3566 Wilster.
806 3533 833 3584 P·
853 3517 895 3567 55.
917 3517 1094 3568 lliillmanno
1114 3522 1215 3566 contra
1239 3535 1267 3586 p.
1291 3517 1327 3570 77

235 3581 307 3635 haec
325 3580 497 3653 ambiguitas
516 3583 698 3636 manifestum
717 3585 825 3639 fraudis
844 3587 980 3639 indicium
1001 3587 1123 3649 videtur,
1142 3586 1277 3658 idemque
1296 3608 1326 3659 p.

231 3655 265 3708 31
298 3656 395 3707 omnin
425 3653 544 3709 oracula
573 3654 647 3710 nihil
673 3659 730 3712 nisi
748 3667 879 3720 ,senatus
906 3657 1039 3730 Delphici
1068 3676 1208 3729 responsa
1233 3661 1327 3712 luisse

231 3729 385 3782 existimat.

304 3831 351 3902 14)
371 3835 437 3888 Huc
454 3843 580 3908 pertinet
598 3857 623 3892 e.
643 3856 667 3894 o.
687 3834 891 3890 Demosthenis
911 3835 1018 3908 dictum
1043 3836 1080 3890 de
1102 3834 1210 3907 Pythia
1233 3839 1321 3908 qner-

131 3900 135 3908 ’
229 3905 341 3980 arcedon-
359 3906 506 3966 Plutarch.
526 3908 675 3964 Demosth.
694 3927 717 3962 o.
735 3912 780 3966 2⁰.

301 4010 329 4076 l)
349 4013 520 4069 Notandum
539 4015 567 4072 h.
586 4016 605 4070 l.
628 4019 782 4088 συμμαχίας
804 4019 834 4068 ct
854 4015 1000 4087 ἐπιμαχίας
1025 4015 1186 4072 discrimen.
1206 4016 1318 4089 dequo

228 4079 265 4134 ct'.
283 4085 415 4140 Ammon.
431 4106 455 4141 ι.
476 4107 502 4142 v.
518 4092 670 4160 συμμαχεῖν
686 4090 755 4162 ibiq.
774 4087 918 4142 Valokcn.
943 4095 972 4142 et
994 4090 1058 4141 intt.
1084 4088 1120 4141 ad
1141 4088 1274 4158 Thucyd.
1294 4091 1316 4153 i,

226 4152 262 4206 dd
282 4171 326 4225 sp.
345 4157 477 4231 Poppon.
496 4180 523 4232 p.
543 4163 588 4214 111
606 4173 673 4214 torn.
694 4167 704 4210 Ι
727 4181 754 4232 p.
774 4159 827 4213 299
847 4187 879 4202 ·-
898 4162 964 4229 3013
989 4167 1017 4212 et
1036 4155 1072 4213 dc
1089 4171 1225 4231 suspecta
1243 4179 1315 4215 roco

222 4224 404 4298 ἔπισυμμαχὶα
423 4229 569 4286 Schaufcr.
590 4252 686 4306 appar.
706 4235 769 4286 crit.
788 4232 825 4285 ad
843 4231 994 4288 nemeen..
1011 4234 1027 4288 l
1047 4243 1076 4298 P·
1094 4233 1148 4288 uit
1165 4251 1208 4310 sq.

295 4325 329 4402 2)
348 4333 418 4390 vid.
437 4339 467 4392 in
487 4343 566 4394 univ·
577 4339 793 4410 Salute-Groix,
812 4338 862 4393 des
882 4341 1000 4393 enciens
1017 4355 1248 4410 gouvememens
1266 4337 1310 4392 id·
