2806 5080
298 309 371 406 ris
442 329 516 406 ru.
549 334 581 402 1.
606 325 666 400 ne
692 325 985 428 spartanorum
1008 325 1237 428 republica.

192 591 196 600 ,
293 513 387 592 linio
421 508 602 602 incessit,
633 507 677 580 ut
700 508 783 582 sisti
807 503 967 607 amplius
992 511 1055 584 vix
1078 519 1208 612 posset
1218 511 1261 607 ⁴),
1282 514 1356 588 tau·

208 707 211 714 ¹
299 639 373 715 que
405 605 650 691 immoderate
684 611 723 678 et
753 608 890 679 iniusto
925 610 1083 682 victoria
1106 613 1167 683 usi
1198 609 1295 702 sunt,
1327 621 1359 685 nt

301 709 523 788 brevissimo
560 712 731 802 tempore
769 705 808 774 in
844 728 1026 778 summum
1060 710 1222 781 omnium
1256 706 1360 782 odiuu

298 803 549 897 incurrerent,
579 826 710 876 eorum
736 803 911 893 maxime,
938 805 1013 972 (pri,
1049 829 1162 905 quum
1188 830 1251 905 spa
1273 831 1360 880 recu.

299 901 492 1080 gerundae
516 896 580 985 ⁴ab
620 894 913 972 Atheniensibus

964 897 1135 975 ibo'rtatis
1173 929 1245 976 nou
1278 906 1362 976 iuviti

335 1003 506 1103 pantanis
539 1022 581 1070 se
614 994 920 1088 subiunxissent,
950 994 1069 1096 louge
1102 997 1285 1074 duriorem
1306 998 1361 1072 sibi

294 1101 518 1182 servitutem
549 1091 597 1166 ab
631 1092 688 1167 his
718 1096 929 1190 impositum
962 1093 1200 1194 videban15).
1253 1100 1361 1194 ltaque

298 1204 499 1300 postquam
526 1188 641 1266 semel
666 1215 796 1288 pugna
822 1187 945 1264 navali
971 1191 1071 1290 apud
1086 1193 1243 1268 Cnidum
1265 1197 1362 1268 at'o·

299 1321 400 1372 nono
425 1294 592 1390 superati
605 1291 720 1360 maris
731 1290 927 1386 imperium
944 1293 1159 1382 amiserant,
1185 1294 1362 1391 paucisque

210 1410 215 1421 ‘
300 1394 391 1494 post
422 1392 533 1463 anuis
565 1411 657 1485 pace
689 1409 771 1456 cum
804 1385 936 1457 Persis
974 1393 1186 1486 composita
1218 1389 1363 1461 Graecae

300 1485 489 1566 libertatis
515 1507 668 1559 causum
701 1489 831 1580 aperte
865 1480 1130 1580 deseruerant,
1162 1508 1365 1584 recuperare

299 1588 498 1693 pristinam
531 1586 629 1655 inter
661 1577 832 1652 Graecos
866 1577 1088 1676 dignitatem
1118 1610 1197 1656 uon
1233 1581 1366 1680 amptius

298 1685 497 1787 poterant:
523 1703 688 1778 moxque
714 1679 912 1749 concitatis
936 1682 974 1751 in
1001 1705 1071 1753 eos
1085 1679 1280 1755 Thebanis
1297 1703 1367 1776 pro-

297 1788 384 1883 pter
417 1777 622 1852 Cadmeam
661 1801 685 1846 a
724 1771 922 1847 Phoebida
955 1801 1099 1850 summa
1138 1805 1222 1851 cum
1257 1777 1368 1850 iniuria

298 1885 537 1976 occupatam,
571 1869 745 1972 pluribus
775 1875 934 1971 proeliis
958 1871 1174 1949 infelicibus
1200 1877 1296 1948 vires
1319 1896 1368 1946 eo·

297 2001 382 2052 rum
409 1971 506 2046 adeo
533 1972 711 2043 concisae
737 1978 838 2060 sunt,
863 1971 906 2040 ut
930 1994 1007 2042 non
1031 1969 1146 2045 modo
1173 1969 1222 2046 de
1253 1971 1369 2071 priuci-

326 2080 391 2146 atu
416 2098 461 2146 co
492 2072 589 2141 itare
615 2066 775 2163 amptius
799 2090 876 2138 non
902 2072 1071 2165 possent,
1097 2067 1165 2144 sed
1182 2072 1293 2144 etiam
1308 2063 1371 2139 diu·

256 2175 259 2180 ’
297 2096 411 2246 durna
449 2097 665 2241 diesscniae
702 2166 949 2262 possessione
990 2164 1225 2241 exciderent.
1288 2166 1389 2248 Haec,

298 2271 423 2343 autem
458 2290 522 2338 res
554 2263 683 2364 quanti
718 2257 820 2332 haud
849 2257 962 2335 dubie
994 2266 1173 2337 momenti
1208 2262 1316 2338 suerit
1336 2255 1372 2332 ad

299 2359 598 2466 perturbandam
631 2383 813 2456 agrorum
843 2359 943 2432 iuter
973 2363 1075 2434 cives
1112 2361 1371 2463 aequalitatem,

189 2523 193 2532 .
300 2488 379 2537 non
405 2485 502 2561 opus
528 2463 587 2531 est
610 2457 824 2529 accuratius
850 2481 1063 2554 exponere:
1090 2483 1312 2561 quamquam
1324 2454 1374 2528 hu·

300 2563 360 2634 ius
383 2553 685 2659 perturbationis
710 2553 855 2628 initium
882 2554 997 2627 multo
1023 2559 1096 2628 iam
1131 2561 1222 2631 ante
1254 2554 1373 2628 suctum

301 2660 385 2732 erat
410 2657 569 2756 propter
594 2655 718 2724 varias
744 2674 879 2724 causas
905 2648 951 2725 de
969 2653 1106 2752 quibus
1121 2649 1374 2753 supradictum

300 2756 359 2830 est
372 2755 417 2846 ⁶).
467 2745 685 2825 Accedebat
722 2745 824 2849 quod
863 2750 937 2822 iam
980 2749 1117 2824 dudum
1156 2753 1244 2826 ouri
1281 2753 1375 2850 utque

300 2853 450 2950 urgenti
475 2846 670 2949 possessio
696 2845 842 2918 civibus
869 2871 1053 2921 concessu
1077 2875 1288 2947 paucorum
1300 2869 1376 2944 opes

299 2975 415 3048 supra
439 2945 592 3021 modum
617 2947 793 3035 auxerat,
818 2941 1271 3047 maiorumqueomnium,
1296 2965 1375 3046 quae

178 3078 181 3082 ·
301 3046 428 3122 soient
461 3070 510 3117 ex
542 3041 726 3143 pecuniae
761 3038 846 3114 hinc
882 3043 998 3115 nimia
1034 3045 1313 3142 magnitudine,
1342 3038 1376 3112 ii·

300 3147 377 3219 linc
410 3147 539 3240 inopia
571 3146 609 3213 et
641 3135 820 3211 auiditate
847 3143 1027 3232 existere,
1060 3165 1174 3240 seges
1202 3139 1377 3216 uberrima

301 3238 601 3328 succreverat7).
665 3232 725 3306 Ad
764 3233 836 3307 hoc
876 3239 1010 3309 civium
1049 3264 1230 3312 numerus
1277 3261 1377 3336 supra

300 3360 410 3438 qurum
437 3332 693 3432 credipotest
719 3329 892 3406 celeriter
916 3335 1146 3428 imminutus,
1173 3357 1376 3436 quumpro·

299 3435 387 3535 pter
412 3433 539 3506 varias
565 3428 706 3519 clades,
732 3433 810 3501 tum
836 3435 995 3530 propter
1021 3432 1223 3506 multorum
1242 3434 1377 3532 egesta·

298 3541 387 3626 tom,
414 3553 510 3632 quae
526 3550 743 3628 ,procreare
767 3523 914 3616 liberos
936 3531 1003 3601 aut
1028 3529 1162 3606 toliere
1188 3529 1379 3617 vetaret⁸).

297 3685 499 3712 ιαμ-Μ

368 3771 702 3841 4)Wschnrnuih.1,2
725 3769 830 3844 110257.
866 3745 943 3825 And.
967 3773 1036 3826 lnu.
1061 3770 1099 3825 sd
1119 3771 1185 3826 Aioi
1206 3768 1254 3826 hr.
1279 3769 1331 3842 Ep.
1352 3765 1380 3831 11,

298 3846 325 3916 l,
343 3847 387 3903 65.
424 3847 522 3918 Burgi.
543 3847 579 3900 ad
597 3843 745 3916 Aristophs
766 3843 843 3896 Plus
861 3844 940 3898 1190.
975 3843 1091 3899 nolim.
1111 3843 1151 3896 V·
1169 3792 1206 3899 ld
1225 3841 1350 3908 ΧῙΙΗ.

366 3948 399 4021 s)
419 3954 488 4010 vas.
506 3953 572 4008 rurs.
590 3955 625 4006 P.
642 3953 699 4022 vr,
718 3953 744 4008 7.

365 4057 397 4131 s)
416 4061 487 4116 ma.
511 4058 535 4133 s.
555 4061 582 4116 r.
658 4053 662 4060 ⁴

367 4167 396 4232 7)
414 4169 563 4224 Plutarch.
583 4169 669 4240 agis.
690 4188 714 4222 o.
733 4169 759 4222 5.
783 4167 910 4238 Lyeurg.
930 4186 955 4222 c·
972 4165 1017 4222 ³⁰.
1040 4165 1163 4225 Diodes.
1182 4165 1273 4234 XIV,
1293 4162 1335 4217 10.
1354 4154 1384 4211 ci·

296 4235 447 4295 Wiehen.
467 4241 504 4296 sd
524 4241 704 4314 Theopomp.
721 4240 824 4310 fragm.
843 4261 871 4314 p.
893 4241 953 4320 iss.

362 4345 392 4414 8)
413 4349 459 4404 Cf.
479 4349 610 4405 Glintnn.
635 4349 714 4402 Fusi-
737 4347 815 4403 Heli.
838 4367 867 4419 p.
886 4348 940 4404 41⁵
958 4365 1003 4420 sq·
1027 4347 1139 4418 Krueg.
1176 4345 1339 4402 Hermann.
1357 4335 1387 4390 d·
