2806 5080
10 1137 11 1144 Ν
69 1179 128 1263 v.
153 1183 249 1268 lte
275 1199 344 1268 re
370 1185 608 1285 publica
635 1183 1094 1270 Atheniensium.

536 1531 568 1610 t.
593 1520 624 1592 Ι.

9 1571 11 1628 l
49 1618 362 1747 Atheniensium
389 1691 451 1746 res
477 1667 642 1772 publica,
666 1667 756 1746 licet
780 1672 947 1770 origines
963 1671 1119 1747 Creten·

48 1779 136 1856 sibus
162 1788 202 1857 el
227 1785 431 1884 Spartanis
456 1791 690 1956 antipputores
717 1781 903 1880 hahuerit,
934 1812 1115 1886 progres·

46 1904 98 1951 sus
122 1886 246 1955 tamen
273 1882 464 1984 aliquanto
480 1893 539 1957 tar
568 1887 668 1956 iores
685 1880 785 1974 feeit,
811 1909 933 1982 neque
948 1882 1119 1982 perfecta

47 1977 75 2046 el
96 1987 349 2053 consummata
374 1985 431 2054 est
458 1983 527 2054 nisi
553 2006 599 2053 eo
625 1989 808 2078 tempore,
834 2005 945 2082 quum
971 1977 1118 2054 illorum

9 2077 11 2144 l
46 2075 200 2148 civitates
215 2081 286 2149 iam
301 2075 524 2152 declinares
539 2079 665 2177 prisca
680 2081 817 2150 virtute
834 2084 872 2150 et
888 2082 925 2149 in
951 2074 1117 2152 deterius

9 2153 11 2212 l
45 2166 106 2243 labi
131 2178 350 2272 coeperunt.
399 2176 476 2250 Per
502 2174 629 2274 plnres
656 2199 814 2274 namque
843 2176 1069 2247 mutationes
1093 2201 1117 2248 a

9 2279 10 2300 ³
45 2271 138 2365 regio
176 2297 222 2356 ac
261 2270 347 2344 dein
380 2269 588 2346 nobilitatis
621 2274 780 2369 imperio
813 2267 861 2344 ed
895 2270 1117 2370 popularem
1224 2344 1228 2351 .

45 2367 165 2438 statum
191 2372 377 2465 pervenit,
403 2372 612 2442 Atticorum
638 2375 794 2442 naturae
825 2370 938 2468 atque
963 2371 1116 2466 ingenio

8 2517 10 2530 .
42 2465 137 2536 unice
169 2465 510 2560 accommodatum,
543 2475 581 2539 et
611 2461 754 2538 salubri
785 2467 884 2538 inter
915 2463 1117 2538 multitudi-

8 2591 10 2664 p
44 2583 115 2632 nem
148 2570 185 2635 et
219 2566 419 2661 optimates
450 2567 746 2662 temperamento
785 2561 1011 2662 aliquamdiu
1049 2559 1116 2634 llo-

8 2669 9 2688 *
41 2659 117 2748 ruit,
141 2657 262 2732 donec
285 2661 451 2757 gliscens
475 2658 666 2759 paullatim
691 2657 908 2757 corruptela
939 2657 1115 2732 libertas·

42 2777 103 2850 que
133 2757 171 2827 in
207 2753 392 2830 licentiam
428 2783 541 2831 versa
580 2759 767 2828 civilatem
809 2781 859 2828 ex
896 2758 1039 2854 optima
1076 2757 1115 2828 et

8 2917 9 2942 p
39 2849 279 2945 pulcherrima
305 2852 509 2928 deformem
535 2857 574 2929 el
598 2850 780 2926 infirmam
798 2850 899 2924 lecit.
938 2857 1115 2924 Ceterum

39 2948 510 3121 ltttl'ttttltl⁰tt⁸’
536 2952 1115 3120 tererestereres

39 3139 246 3236 effecerunt,
262 3153 412 3244 utquae
431 3074 719 3241 bonalmatsqus
739 3167 862 3214 rernm
881 3097 1113 3238 puhlirlarum

39 3240 125 3334 apud
160 3245 310 3314 ceteros
345 3243 514 3314 Graecos
546 3241 619 3312 alie
651 3237 739 3310 alihi
773 3235 942 3330 luerunt,
982 3236 1115 3311 horum

40 3334 111 3408 lere
141 3340 303 3410 omnium
337 3337 435 3437 apud
466 3335 714 3410 Athenienses
756 3360 905 3434 quoqne
942 3335 1115 3434 exempla

39 3437 240 3526 extiterint,
281 3441 459 3536 recteque
491 3433 660 3507 Athenae
700 3435 809 3504 etiarn
854 3432 925 3504 hoc
964 3437 1114 3505 nomine

40 3535 135 3626 quasi
169 3529 351 3632 quaedam
370 3534 526 3611 Ἑλλάδος
540 3533 658 3610 Ἑλλὰς
687 3525 871 3626 appellari
901 3533 1049 3628 possint
1064 3532 1113 3620 1)ε
1231 3591 1234 3598 r

35 3628 216 3722 ingenium
242 3633 365 3702 eutem
390 3625 520 3726 populi
551 3625 762 3724 multiplex,
794 3652 871 3698 non
906 3630 968 3698 uni
1003 3627 1115 3698 alicui

36 3727 154 3798 virtuti
179 3729 334 3825 praeter
359 3730 506 3797 ceteras
532 3732 671 3819 aptum,
697 3721 764 3794 sed
792 3726 953 3796 omnium
971 3725 1115 3819 pariter

35 3844 163 3917 capax,
190 3826 387 3924 postquam
414 3815 532 3893 libere
557 3824 699 3892 moveri
726 3823 764 3890 el
789 3844 958 3917 campum
983 3821 1020 3889 iu
1038 3842 1113 3917 quo

32 3925 272 3992 exerceretur
297 3923 390 3992 satis
416 3915 576 4015 amplum
603 3918 767 3988 nancisci
793 3919 930 4013 coepit,
957 3918 1061 3986 tanta
1077 3921 1115 3986 et

32 4038 153 4086 rerum
188 4025 382 4115 gestarum
421 4011 548 4112 gloria
585 4016 624 4087 et
662 4017 795 4084 artium
830 4039 875 4084 ac
905 4010 1114 4084 litterarum

33 4107 165 4186 decore
199 4118 363 4213 patriam
395 4115 568 4204 ornavit,
609 4111 652 4182 ut
691 4113 854 4181 omnium
891 4111 1114 4182 testimoniis

31 4251 218 4270 ⁸-——

98 4316 128 4386 ll
145 4319 275 4396 Thucyd.
295 4339 340 4392 ap.
360 4316 468 4375 Athen.
487 4317 527 4387 V,
550 4318 630 4389 1211.
652 4315 715 4371 187.
757 4331 759 4334 ·
866 4385 912 4457 Π
