2814 5080
252 339 327 414 296
456 339 495 414 V.
519 339 580 414 Dc
604 364 649 414 re
666 339 826 442 publico
851 339 1147 419 Atheniensium.

257 521 330 616 est,
356 518 555 620 probabiio
579 517 725 596 videtur
749 549 796 596 no
817 550 862 597 eo
879 521 1026 624 quidem
1043 526 1088 598 iis
1101 522 1230 598 relicto
1245 549 1331 618 csse,
1396 553 1397 614 n

255 618 427 720 quoodo
454 617 569 693 caedo
593 621 695 692 insto
720 646 765 692 oc
791 619 893 694 licita
919 619 966 695 od
994 619 1233 720 Delphinion
1257 647 1336 718 oge—
1396 619 1397 688 3

257 713 409 808 bantur,
442 714 744 818 qnandoquidem
773 716 864 791 hoco
891 743 1060 818 quoquo,
1094 727 1135 792 ut
1160 742 1253 818 qrrae
1276 743 1336 790 nec

259 838 348 887 roro
381 810 583 887 admodum
616 837 686 887 nco
718 813 808 888 iovis
833 822 1010 888 momenti
1035 817 1184 907 essent,
1223 813 1337 888 moiuit

262 907 361 983 haud
390 909 501 983 dubie
514 909 678 1009 populns
692 909 739 984 ab
756 915 813 1006 iis,
840 916 902 1014 qui
917 938 963 986 ox
982 916 1082 986 omni
1097 915 1247 988 civitate
1262 937 1338 1010 pro·

261 1011 404 1082 miscuo
430 1015 685 1095 sumerentur,
717 1035 828 1108 quom
854 1037 877 1082 a
903 1008 996 1082 sotis
1023 1007 1226 1100 nobilibus,
1263 1033 1340 1106 qno·

263 1102 320 1179 los
347 1103 517 1204 Epirotae
543 1109 663 1195 oront,
692 1103 833 1184 haberi.
891 1109 1022 1204 Neque
1047 1115 1171 1180 tomen
1197 1129 1341 1205 prorsus

264 1199 438 1276 subintos
463 1227 547 1275 esse
573 1200 742 1300 Epirotas
767 1205 937 1276 constat:
964 1207 1088 1278 munio
1116 1229 1220 1293 veno,
1244 1227 1342 1300 prae·

116 1357 118 1365 ,
264 1301 324 1372 tor
348 1299 412 1372 iiia
437 1301 475 1370 in
501 1295 685 1372 Phreatto
712 1302 750 1372 et
775 1300 821 1374 ac
844 1303 1073 1401 prytaneum
1099 1299 1249 1393 iudicio,
1273 1300 1343 1400 qui-

264 1392 338 1474 irus
373 1421 440 1474 cur
478 1393 547 1468 hos
580 1399 748 1494 privatos
773 1385 971 1471 credamus
998 1395 1099 1470 nertin
1124 1424 1241 1472 causo
1265 1403 1344 1494 pro·

266 1490 407 1567 babilis
432 1495 645 1590 excogitari
671 1496 812 1591 potest,
839 1492 932 1568 haec
957 1493 1216 1570 tantummodo
1232 1516 1346 1566 eornm

200 1606 205 1612 '
267 1588 386 1670 fuisso
411 1590 596 1668 videntur.
646 1591 814 1670 Primum
847 1595 989 1692 siquis
1018 1589 1244 1664 homicidam
1270 1615 1347 1662 oxn-

266 1684 405 1768 lantem
437 1684 759 1788 abstinentenrque
793 1693 838 1763 iis
870 1687 1063 1786 omnibus,
1108 1686 1246 1788 quibus
1277 1709 1347 1760 cnm

268 1783 461 1859 obstinere
495 1783 717 1882 oportebat,
759 1785 1013 1860 interfecisset
1045 1791 1168 1860 tamen
1207 1787 1271 1858 orit
1301 1786 1347 1854 in·

266 1879 477 1956 torticiendi
509 1885 642 1955 auctor
677 1879 831 1976 suisset,
870 1882 917 1956 de
949 1881 1060 1956 huius
1093 1886 1203 1980 culpa
1235 1879 1348 1979 Ephe·

268 1979 331 2052 too
357 1975 702 2078 cognoscebant⁸).
755 1980 900 2054 Deinde
933 1983 967 2053 si
994 1977 1230 2052 homicidium
1264 1976 1350 2050 esset

268 2075 483 2198 inconsulto
517 2082 772 2196 commissum,
817 2103 937 2177 noque
977 2079 1081 2150 osset
1113 2080 1351 2246 quinquenne

268 2199 507 2342 ittttqt't
530 2171 1351 2371 viiiaimnpiiiit”iiiiiiqiimiiiniirii

271 2367 362 2440 tuuc
386 2365 571 2464 Epiretoo,
596 2373 629 2442 si
654 2373 747 2468 ipsis
772 2375 966 2442 constaret
982 2366 1221 2441 homicidium
1236 2372 1352 2438 incon·

275 2461 376 2536 suito
411 2467 646 2539 commissum
679 2493 788 2560 csse,
834 2493 854 2540 e
895 2464 1140 2563 pinatoribus
1175 2461 1353 2538 interiecti

273 2557 456 2636 creabunt
481 2559 738 2656 decemviros,
763 2568 828 2644 out
845 2589 865 2636 e
880 2564 1134 2653 nobilissimis,
1160 2565 1240 2653 out,
1266 2553 1353 2660 qnod

274 2660 401 2732 verius
426 2658 531 2756 puto,
557 2684 607 2732 ex
632 2663 679 2733 iis
695 2663 757 2760 qni
770 2663 933 2737 occisum
951 2663 1180 2758 cognatione
1194 2660 1354 2759 proximu

277 2753 562 2852 contingebant,
589 2760 651 2857 qui
678 2784 760 2840 cum
786 2755 1028 2832 interfectore
1055 2760 1091 2827 in
1117 2759 1282 2854 gratiam
1305 2778 1354 2824 rc·

276 2848 412 2944 dicent,
438 2878 512 2952 qno
538 2851 600 2926 iiio
625 2859 707 2927 tuto
733 2858 769 2927 in
795 2857 920 2951 pcitrio
945 2878 1095 2934 munero
1122 2861 1263 2952 posset.
1303 2851 1354 2923 ni-

251 2951 353 3022 'cuit
378 2953 501 3023 tamen
528 2947 584 3022 iris
610 2949 645 3023 id
672 2977 848 3024 recusare
864 2949 1037 3050 iliumque
1053 2947 1099 3021 nd
1115 2948 1356 3035 dccccomccniv

278 3053 437 3143 cogere,
471 3050 502 3118 si
529 3046 657 3144 piures
683 3074 812 3122 eornm
840 3048 876 3118 id
903 3043 1113 3142 mattenu).
1139 3086 1187 3100 -
1216 3039 1356 3115 Contio·

280 3147 364 3216 nori
398 3149 522 3223 antem
557 3143 746 3218 homicidii
772 3148 909 3218 crimen
935 3168 1137 3245 poenaque
1163 3143 1285 3212 omnis
1307 3159 1355 3208 re·

282 3241 374 3320 mitti
400 3244 553 3337 poterut
574 3237 735 3339 primum
761 3241 808 3314 ob
835 3245 918 3338 ipso
946 3240 1162 3331 interiecto,
1201 3260 1307 3339 quem
1330 3231 1354 3301 si

281 3339 500 3410 morientem
525 3339 760 3411 interfectori
786 3341 978 3436 ignovisse
1012 3337 1233 3424 constabat,
1274 3331 1357 3404 hunc

279 3433 874 3612 iitttttctt‘⁸{ttiitit
896 3426 1357 3631 'iiiiiinmssii'iiiii

287 3669 483 3688 ...ιιι-ιιι...

350 3771 381 3837 3)
401 3757 548 3836 Demosth.
568 3776 598 3828 in
618 3775 755 3839 Aristocc.
773 3793 802 3856 p.
820 3773 872 3828 631
892 3777 963 3824 extr.
982 3771 1035 3826 632
1054 3774 1102 3838 in,
1123 3770 1173 3823 ubi
1192 3760 1355 3843 ipsalond·

281 3844 388 3916 scripto
406 3854 457 3898 est.
496 3845 556 3898 Sed
580 3845 704 3915 legendo
729 3848 828 3916 utique
848 3847 931 3898 etiarn
949 3842 1156 3902 Demosthenis
1174 3837 1355 3914 interpretatio

283 3924 327 3973 ott
346 3935 435 3990 usquo
456 3915 489 3968 ad
510 3937 537 3988 p.
557 3918 610 3972 633
629 3918 703 3973 med.
1262 3939 1264 3944 ’

352 3995 470 4088 divid.
493 4024 541 4077 lex
566 4044 609 4096 op.
630 4027 711 4080 Dem.
729 4027 760 4077 in
779 4025 899 4078 Mocsrt,
919 4043 946 4094 p.
968 4021 1051 4090 1⁰69,
1081 4021 1132 4074 uhi
1155 4041 1208 4094 pro
1232 4009 1356 4091 omont

282 4093 405 4148 tortuoso
424 4097 590 4165 ἄγχιστίνδην
607 4096 789 4161 scribendum
809 4103 859 4151 eet.
894 4091 1040 4162 Nonnihil
1059 4092 1095 4149 de
1113 4092 1200 4152 buius
1217 4092 1287 4160 legis
1304 4100 1356 4138 ⁵0¹¹·

281 4169 372 4220 tentio
390 4168 488 4238 pontio
505 4175 572 4238 post
591 4168 726 4236 dicemus,
745 4175 805 4220 not.
824 4168 868 4220 11.

356 4243 393 4340 ni
408 4272 557 4326 nonno.
575 4276 606 4326 n
624 4275 763 4330 Panisos
780 4292 808 4347 p.
828 4271 891 4339 osc,
908 4272 955 4334 co.
992 4269 1037 4326 cr.
1054 4268 1159 4334 utcu,
1177 4289 1205 4342 p,
1224 4265 1283 4326 no.
1304 4261 1355 4320 ,Ao

281 4343 320 4400 mi
339 4344 415 4398 Piae.
434 4345 523 4414 Legg.
540 4363 568 4418 p.
585 4346 649 4404 451.
