<?xml version="1.0" encoding="UTF-8"?>
<!DOCTYPE html PUBLIC "-//W3C//DTD XHTML 1.0 Transitional//EN"
    "http://www.w3.org/TR/xhtml1/DTD/xhtml1-transitional.dtd">
<html xmlns="http://www.w3.org/1999/xhtml" xml:lang="en" lang="en">
 <head>
  <title>
</title>
<meta http-equiv="Content-Type" content="text/html;charset=utf-8" />
  <meta name='ocr-system' content='tesseract 3.04.00' />
  <meta name='ocr-capabilities' content='ocr_page ocr_carea ocr_par ocr_line ocrx_word'/>
</head>
<body>
  <div class='ocr_page' id='page_1' title='image "./antiquitatesiur00schogoog_0348.png"; bbox 0 0 2814 5080; ppageno 0'>
   <div class='ocr_carea' id='block_1_1' title="bbox 198 311 1134 484">
    <p class='ocr_par' dir='ltr' id='par_1_1' title="bbox 198 311 1134 484">
     <span class='ocr_line' id='line_1_1' title="bbox 198 311 1134 484; baseline -0.002 -32"><span class='ocrx_word' id='word_1_1' title='bbox 198 471 202 484; x_wconf 80' lang='lat'>.</span> <span class='ocrx_word' id='word_1_2' title='bbox 305 311 342 452; x_wconf 84' lang='lat'><strong>8·</strong></span> <span class='ocrx_word' id='word_1_3' title='bbox 368 377 429 452; x_wconf 80' lang='lat' dir='ltr'><strong>ne</strong></span> <span class='ocrx_word' id='word_1_4' title='bbox 453 374 657 477; x_wconf 63' lang='lat' dir='ltr'><strong>disceptata</strong></span> <span class='ocrx_word' id='word_1_5' title='bbox 675 373 846 478; x_wconf 57' lang='lat' dir='ltr'><strong>publicas</strong></span> <span class='ocrx_word' id='word_1_6' title='bbox 1009 372 1134 450; x_wconf 76' lang='grc'><strong>’335</strong></span> 
     </span>
    </p>
   </div>
   <div class='ocr_carea' id='block_1_2' title="bbox 29 554 1305 3388">
    <p class='ocr_par' dir='ltr' id='par_1_2' title="bbox 54 554 1139 858">
     <span class='ocr_line' id='line_1_2' title="bbox 55 554 1136 680; baseline -0.006 -40"><span class='ocrx_word' id='word_1_7' title='bbox 55 554 889 660; x_wconf 71' lang='lat' dir='ltr'><strong>studia&#39;prudentinribnsimprobabantnr³),</strong></span> <span class='ocrx_word' id='word_1_8' title='bbox 913 569 1136 680; x_wconf 65' lang='lat' dir='ltr'><strong>quaequnm</strong></span> 
     </span>
     <span class='ocr_line' id='line_1_3' title="bbox 54 653 1137 758; baseline -0.003 -23"><span class='ocrx_word' id='word_1_9' title='bbox 54 663 131 736; x_wconf 86' lang='lat' dir='ltr'><strong>tnta</strong></span> <span class='ocrx_word' id='word_1_10' title='bbox 163 659 292 758; x_wconf 86' lang='lat' dir='ltr'><strong>essent</strong></span> <span class='ocrx_word' id='word_1_11' title='bbox 323 653 536 731; x_wconf 89' lang='lat' dir='ltr'><strong>inviribns</strong></span> <span class='ocrx_word' id='word_1_12' title='bbox 565 659 744 755; x_wconf 85' lang='lat' dir='ltr'><strong>corporis</strong></span> <span class='ocrx_word' id='word_1_13' title='bbox 768 660 808 730; x_wconf 89' lang='lat' dir='ltr'><strong>et</strong></span> <span class='ocrx_word' id='word_1_14' title='bbox 830 681 879 732; x_wconf 90' lang='lat' dir='ltr'><strong>nc</strong></span> <span class='ocrx_word' id='word_1_15' title='bbox 903 654 964 730; x_wconf 90' lang='lat' dir='ltr'><strong>lus</strong></span> <span class='ocrx_word' id='word_1_16' title='bbox 988 655 1137 758; x_wconf 81' lang='lat' dir='ltr'><strong>quidem</strong></span> 
     </span>
     <span class='ocr_line' id='line_1_4' title="bbox 55 753 1139 858; baseline -0.004 -26"><span class='ocrx_word' id='word_1_17' title='bbox 55 753 223 832; x_wconf 79' lang='lat' dir='ltr'><strong>amnibus</strong></span> <span class='ocrx_word' id='word_1_18' title='bbox 248 753 498 854; x_wconf 84' lang='lat' dir='ltr'><strong>aequabiliter</strong></span> <span class='ocrx_word' id='word_1_19' title='bbox 510 754 707 858; x_wconf 79' lang='lat' dir='ltr'><strong>augendis,</strong></span> <span class='ocrx_word' id='word_1_20' title='bbox 733 757 912 856; x_wconf 79' lang='lat' dir='ltr'><strong>exiguam</strong></span> <span class='ocrx_word' id='word_1_21' title='bbox 937 753 1139 829; x_wconf 82' lang='lat' dir='ltr'><strong>salubrita-</strong></span> 
     </span>
    </p>

    <p class='ocr_par' dir='ltr' id='par_1_3' title="bbox 51 848 1264 1612">
     <span class='ocr_line' id='line_1_5' title="bbox 54 848 1139 943; baseline -0.003 -14"><span class='ocrx_word' id='word_1_22' title='bbox 54 860 99 929; x_wconf 90' lang='lat' dir='ltr'><strong>tis</strong></span> <span class='ocrx_word' id='word_1_23' title='bbox 123 860 187 926; x_wconf 90' lang='lat' dir='ltr'><strong>aut</strong></span> <span class='ocrx_word' id='word_1_24' title='bbox 212 851 363 926; x_wconf 89' lang='lat' dir='ltr'><strong>decoris</strong></span> <span class='ocrx_word' id='word_1_25' title='bbox 388 853 575 926; x_wconf 88' lang='lat' dir='ltr'><strong>rationem</strong></span> <span class='ocrx_word' id='word_1_26' title='bbox 601 848 804 943; x_wconf 85' lang='lat' dir='ltr'><strong>habebant,</strong></span> <span class='ocrx_word' id='word_1_27' title='bbox 843 854 990 926; x_wconf 81' lang='lat' dir='ltr'><strong>animus</strong></span> <span class='ocrx_word' id='word_1_28' title='bbox 1015 859 1139 926; x_wconf 88' lang='lat' dir='ltr'><strong>autem</strong></span> 
     </span>
     <span class='ocr_line' id='line_1_6' title="bbox 54 945 1179 1050; baseline -0.001 -25"><span class='ocrx_word' id='word_1_29' title='bbox 54 955 164 1026; x_wconf 91' lang='lat' dir='ltr'><strong>nimia</strong></span> <span class='ocrx_word' id='word_1_30' title='bbox 200 953 377 1050; x_wconf 88' lang='lat' dir='ltr'><strong>corporis</strong></span> <span class='ocrx_word' id='word_1_31' title='bbox 415 973 507 1021; x_wconf 86' lang='lat' dir='ltr'><strong>cura</strong></span> <span class='ocrx_word' id='word_1_32' title='bbox 543 955 610 1022; x_wconf 86' lang='lat' dir='ltr'><strong>aut</strong></span> <span class='ocrx_word' id='word_1_33' title='bbox 648 945 862 1022; x_wconf 78' lang='lat' dir='ltr'><strong>obruebant</strong></span> <span class='ocrx_word' id='word_1_34' title='bbox 899 955 965 1021; x_wconf 90' lang='lat' dir='ltr'><strong>ant</strong></span> <span class='ocrx_word' id='word_1_35' title='bbox 1003 947 1140 1024; x_wconf 83' lang='lat' dir='ltr'><strong>effera·</strong></span> <span class='ocrx_word' id='word_1_36' title='bbox 1172 1033 1179 1044; x_wconf 86' lang='lat'><em>.</em></span> 
     </span>
     <span class='ocr_line' id='line_1_7' title="bbox 54 1044 1141 1148; baseline -0.004 -24"><span class='ocrx_word' id='word_1_37' title='bbox 54 1044 204 1147; x_wconf 63' lang='lat' dir='ltr'><strong>bautl).</strong></span> <span class='ocrx_word' id='word_1_38' title='bbox 255 1048 402 1121; x_wconf 81' lang='lat' dir='ltr'><strong>Contra</strong></span> <span class='ocrx_word' id='word_1_39' title='bbox 436 1045 529 1119; x_wconf 88' lang='lat' dir='ltr'><strong>haec</strong></span> <span class='ocrx_word' id='word_1_40' title='bbox 561 1071 660 1119; x_wconf 87' lang='lat' dir='ltr'><strong>sana</strong></span> <span class='ocrx_word' id='word_1_41' title='bbox 683 1044 894 1145; x_wconf 78' lang='lat' dir='ltr'><strong>&#39;disciplina</strong></span> <span class='ocrx_word' id='word_1_42' title='bbox 917 1049 1141 1148; x_wconf 70' lang='lat' dir='ltr'><strong>gymnasic-</strong></span> 
     </span>
     <span class='ocr_line' id='line_1_8' title="bbox 54 1140 1142 1243; baseline -0.003 -22"><span class='ocrx_word' id='word_1_43' title='bbox 54 1172 132 1222; x_wconf 93' lang='lat' dir='ltr'><strong>rum</strong></span> <span class='ocrx_word' id='word_1_44' title='bbox 173 1169 256 1219; x_wconf 92' lang='lat' dir='ltr'><strong>cnm</strong></span> <span class='ocrx_word' id='word_1_45' title='bbox 295 1140 508 1217; x_wconf 84' lang='lat' dir='ltr'><strong>valetudine</strong></span> <span class='ocrx_word' id='word_1_46' title='bbox 540 1144 579 1218; x_wconf 87' lang='lat' dir='ltr'><strong>et</strong></span> <span class='ocrx_word' id='word_1_47' title='bbox 610 1145 744 1241; x_wconf 77' lang='lat' dir='ltr'><strong>vigore</strong></span> <span class='ocrx_word' id='word_1_48' title='bbox 785 1169 988 1243; x_wconf 86' lang='lat' dir='ltr'><strong>corporum</strong></span> <span class='ocrx_word' id='word_1_49' title='bbox 1029 1146 1142 1218; x_wconf 86' lang='lat' dir='ltr'><strong>etiam</strong></span> 
     </span>
     <span class='ocr_line' id='line_1_9' title="bbox 54 1237 1143 1341; baseline -0.004 -23"><span class='ocrx_word' id='word_1_50' title='bbox 54 1247 184 1319; x_wconf 92' lang='lat' dir='ltr'><strong>animis</strong></span> <span class='ocrx_word' id='word_1_51' title='bbox 207 1244 353 1340; x_wconf 79' lang='lat' dir='ltr'><strong>vigoris</strong></span> <span class='ocrx_word' id='word_1_52' title='bbox 380 1237 519 1341; x_wconf 87' lang='lat' dir='ltr'><strong>aliquid</strong></span> <span class='ocrx_word' id='word_1_53' title='bbox 544 1241 584 1316; x_wconf 91' lang='lat' dir='ltr'><strong>ct</strong></span> <span class='ocrx_word' id='word_1_54' title='bbox 607 1238 813 1314; x_wconf 72' lang='lat' dir='ltr'><strong>alacritatis</strong></span> <span class='ocrx_word' id='word_1_55' title='bbox 838 1238 1015 1316; x_wconf 74' lang='lat' dir='ltr'><strong>additura</strong></span> <span class='ocrx_word' id='word_1_56' title='bbox 1033 1240 1143 1316; x_wconf 91' lang='lat' dir='ltr'><strong>iudi·</strong></span> 
     </span>
     <span class='ocr_line' id='line_1_10' title="bbox 53 1335 1144 1511; baseline -0.004 -95"><span class='ocrx_word' id='word_1_57' title='bbox 53 1340 277 1511; x_wconf 54' lang='lat' dir='ltr'><strong>cabatnr2,</strong></span> <span class='ocrx_word' id='word_1_58' title='bbox 301 1335 439 1458; x_wconf 74' lang='lat' dir='ltr'><strong>illaque</strong></span> <span class='ocrx_word' id='word_1_59' title='bbox 462 1340 502 1411; x_wconf 94' lang='lat' dir='ltr'><strong>in</strong></span> <span class='ocrx_word' id='word_1_60' title='bbox 527 1341 629 1412; x_wconf 87' lang='lat' dir='ltr'><strong>omni</strong></span> <span class='ocrx_word' id='word_1_61' title='bbox 654 1335 796 1431; x_wconf 86' lang='lat' dir='ltr'><strong>habitu,</strong></span> <span class='ocrx_word' id='word_1_62' title='bbox 820 1340 858 1411; x_wconf 95' lang='lat' dir='ltr'><strong>in</strong></span> <span class='ocrx_word' id='word_1_63' title='bbox 884 1342 1001 1433; x_wconf 86' lang='lat' dir='ltr'><strong>statu,</strong></span> <span class='ocrx_word' id='word_1_64' title='bbox 1024 1340 1144 1432; x_wconf 86' lang='lat' dir='ltr'><strong>mutu,</strong></span> 
     </span>
     <span class='ocr_line' id='line_1_11' title="bbox 53 1433 1264 1536; baseline -0.002 -24"><span class='ocrx_word' id='word_1_65' title='bbox 53 1444 202 1514; x_wconf 83' lang='lat' dir='ltr'><strong>incessu</strong></span> <span class='ocrx_word' id='word_1_66' title='bbox 261 1442 388 1510; x_wconf 82' lang='lat' dir='ltr'><strong>onestr</strong></span> <span class='ocrx_word' id='word_1_67' title='bbox 421 1442 533 1536; x_wconf 86' lang='lat' dir='ltr'><strong>atque</strong></span> <span class='ocrx_word' id='word_1_68' title='bbox 559 1433 689 1509; x_wconf 90' lang='lat' dir='ltr'><strong>decori</strong></span> <span class='ocrx_word' id='word_1_69' title='bbox 712 1434 907 1509; x_wconf 89' lang='lat' dir='ltr'><strong>meditatio</strong></span> <span class='ocrx_word' id='word_1_70' title='bbox 933 1463 1010 1510; x_wconf 88' lang='lat' dir='ltr'><strong>non</strong></span> <span class='ocrx_word' id='word_1_71' title='bbox 1034 1442 1147 1535; x_wconf 83' lang='lat' dir='ltr'><strong>pote·</strong></span> <span class='ocrx_word' id='word_1_72' title='bbox 1252 1436 1264 1454; x_wconf 90' lang='lat'><strong>&#39;&#39;</strong></span> 
     </span>
     <span class='ocr_line' id='line_1_12' title="bbox 51 1529 1147 1612; baseline -0.004 0"><span class='ocrx_word' id='word_1_73' title='bbox 51 1545 110 1612; x_wconf 84' lang='lat' dir='ltr'><strong>rat</strong></span> <span class='ocrx_word' id='word_1_74' title='bbox 141 1560 220 1610; x_wconf 91' lang='lat' dir='ltr'><strong>non</strong></span> <span class='ocrx_word' id='word_1_75' title='bbox 254 1531 421 1609; x_wconf 90' lang='lat' dir='ltr'><strong>eiusdem</strong></span> <span class='ocrx_word' id='word_1_76' title='bbox 455 1537 568 1608; x_wconf 89' lang='lat' dir='ltr'><strong>ctiam</strong></span> <span class='ocrx_word' id='word_1_77' title='bbox 591 1535 629 1606; x_wconf 91' lang='lat' dir='ltr'><strong>in</strong></span> <span class='ocrx_word' id='word_1_78' title='bbox 645 1529 844 1606; x_wconf 86' lang='lat' dir='ltr'><strong>mentibus</strong></span> <span class='ocrx_word' id='word_1_79' title='bbox 870 1532 1082 1610; x_wconf 82' lang='lat' dir='ltr'><strong>honestatis</strong></span> <span class='ocrx_word' id='word_1_80' title='bbox 1108 1539 1147 1608; x_wconf 88' lang='lat' dir='ltr'><strong>ct</strong></span> 
     </span>
    </p>

    <p class='ocr_par' dir='ltr' id='par_1_4' title="bbox 29 1624 1305 3388">
     <span class='ocr_line' id='line_1_13' title="bbox 29 1624 1208 1730; baseline -0.003 -22"><span class='ocrx_word' id='word_1_81' title='bbox 29 1657 31 1664; x_wconf 77' lang='grc'>’</span> <span class='ocrx_word' id='word_1_82' title='bbox 56 1633 186 1708; x_wconf 89' lang='lat' dir='ltr'><strong>decori</strong></span> <span class='ocrx_word' id='word_1_83' title='bbox 211 1654 364 1706; x_wconf 87' lang='lat' dir='ltr'><strong>sensnm</strong></span> <span class='ocrx_word' id='word_1_84' title='bbox 388 1627 626 1730; x_wconf 72' lang='lat' dir='ltr'><strong>studiumque</strong></span> <span class='ocrx_word' id='word_1_85' title='bbox 652 1625 755 1703; x_wconf 84' lang='lat' dir='ltr'><strong>alere</strong></span> <span class='ocrx_word' id='word_1_86' title='bbox 775 1633 1012 1706; x_wconf 80' lang='lat' dir='ltr'><strong>etexcitare.</strong></span> <span class='ocrx_word' id='word_1_87' title='bbox 1038 1624 1145 1720; x_wconf 72' lang='lat' dir='ltr'><strong>Quid</strong></span> <span class='ocrx_word' id='word_1_88' title='bbox 1205 1712 1208 1720; x_wconf 22' lang='lat' dir='ltr'>f</span> 
     </span>
     <span class='ocr_line' id='line_1_14' title="bbox 53 1723 1150 1808; baseline -0.003 -3"><span class='ocrx_word' id='word_1_89' title='bbox 53 1731 174 1806; x_wconf 88' lang='lat' dir='ltr'><strong>dicam</strong></span> <span class='ocrx_word' id='word_1_90' title='bbox 200 1726 247 1808; x_wconf 80' lang='lat' dir='ltr'><strong>de</strong></span> <span class='ocrx_word' id='word_1_91' title='bbox 270 1727 388 1802; x_wconf 86' lang='lat' dir='ltr'><strong>alacri</strong></span> <span class='ocrx_word' id='word_1_92' title='bbox 412 1728 451 1806; x_wconf 85' lang='lat' dir='ltr'><strong>et</strong></span> <span class='ocrx_word' id='word_1_93' title='bbox 481 1725 602 1800; x_wconf 88' lang='lat' dir='ltr'><strong>hilara</strong></span> <span class='ocrx_word' id='word_1_94' title='bbox 627 1723 893 1800; x_wconf 88' lang='lat' dir='ltr'><strong>colludentium</strong></span> <span class='ocrx_word' id='word_1_95' title='bbox 919 1733 1018 1804; x_wconf 89' lang='lat' dir='ltr'><strong>inter</strong></span> <span class='ocrx_word' id='word_1_96' title='bbox 1042 1753 1084 1804; x_wconf 89' lang='lat' dir='ltr'><strong>se</strong></span> <span class='ocrx_word' id='word_1_97' title='bbox 1110 1735 1150 1802; x_wconf 88' lang='lat' dir='ltr'><strong>et</strong></span> 
     </span>
     <span class='ocr_line' id='line_1_15' title="bbox 55 1827 1148 1925; baseline -0.005 -22"><span class='ocrx_word' id='word_1_98' title='bbox 55 1827 353 1905; x_wconf 80' lang='lat' dir='ltr'><strong>concertantium</strong></span> <span class='ocrx_word' id='word_1_99' title='bbox 383 1827 691 1917; x_wconf 86' lang='lat' dir='ltr'><strong>conversatione,</strong></span> <span class='ocrx_word' id='word_1_100' title='bbox 735 1847 832 1923; x_wconf 84' lang='lat' dir='ltr'><strong>quac</strong></span> <span class='ocrx_word' id='word_1_101' title='bbox 872 1831 910 1900; x_wconf 89' lang='lat' dir='ltr'><strong>et</strong></span> <span class='ocrx_word' id='word_1_102' title='bbox 940 1849 1148 1925; x_wconf 85' lang='lat' dir='ltr'><strong>puerorum</strong></span> 
     </span>
     <span class='ocr_line' id='line_1_16' title="bbox 53 1919 1150 2022; baseline -0.004 -22"><span class='ocrx_word' id='word_1_103' title='bbox 53 1929 169 2000; x_wconf 90' lang='lat' dir='ltr'><strong>vitam</strong></span> <span class='ocrx_word' id='word_1_104' title='bbox 193 1922 363 1997; x_wconf 88' lang='lat' dir='ltr'><strong>laetitiae</strong></span> <span class='ocrx_word' id='word_1_105' title='bbox 387 1919 560 1996; x_wconf 86' lang='lat' dir='ltr'><strong>iuvenilis</strong></span> <span class='ocrx_word' id='word_1_106' title='bbox 593 1923 700 2022; x_wconf 89' lang='lat' dir='ltr'><strong>quasi</strong></span> <span class='ocrx_word' id='word_1_107' title='bbox 726 1919 889 2020; x_wconf 89' lang='lat' dir='ltr'><strong>quodam</strong></span> <span class='ocrx_word' id='word_1_108' title='bbox 914 1919 1011 1998; x_wconf 86' lang='lat' dir='ltr'><strong>llnre</strong></span> <span class='ocrx_word' id='word_1_109' title='bbox 1037 1948 1150 1997; x_wconf 86' lang='lat' dir='ltr'><strong>orna·</strong></span> 
     </span>
     <span class='ocr_line' id='line_1_17' title="bbox 54 2016 1149 2120; baseline -0.005 -21"><span class='ocrx_word' id='word_1_110' title='bbox 54 2040 124 2114; x_wconf 87' lang='lat' dir='ltr'><strong>ret,</strong></span> <span class='ocrx_word' id='word_1_111' title='bbox 152 2021 494 2119; x_wconf 76' lang='lat' dir='ltr'><strong>incruentissimaque</strong></span> <span class='ocrx_word' id='word_1_112' title='bbox 521 2016 772 2092; x_wconf 87' lang='lat' dir='ltr'><strong>aemulatione</strong></span> <span class='ocrx_word' id='word_1_113' title='bbox 796 2019 987 2120; x_wconf 84' lang='lat' dir='ltr'><strong>impleret,</strong></span> <span class='ocrx_word' id='word_1_114' title='bbox 1026 2017 1149 2097; x_wconf 85' lang='lat' dir='ltr'><strong>etlu-</strong></span> 
     </span>
     <span class='ocr_line' id='line_1_18' title="bbox 54 2113 1151 2194; baseline -0.002 0"><span class='ocrx_word' id='word_1_115' title='bbox 54 2123 166 2194; x_wconf 86' lang='lat' dir='ltr'><strong>turae</strong></span> <span class='ocrx_word' id='word_1_116' title='bbox 190 2119 289 2192; x_wconf 87' lang='lat' dir='ltr'><strong>inter</strong></span> <span class='ocrx_word' id='word_1_117' title='bbox 313 2119 417 2190; x_wconf 87' lang='lat' dir='ltr'><strong>viros</strong></span> <span class='ocrx_word' id='word_1_118' title='bbox 442 2118 627 2190; x_wconf 87' lang='lat' dir='ltr'><strong>amicitiae</strong></span> <span class='ocrx_word' id='word_1_119' title='bbox 651 2113 882 2192; x_wconf 88' lang='lat' dir='ltr'><strong>solidissima</strong></span> <span class='ocrx_word' id='word_1_120' title='bbox 906 2115 1151 2192; x_wconf 84' lang='lat' dir='ltr'><strong>fundamenta</strong></span> 
     </span>
     <span class='ocr_line' id='line_1_19' title="bbox 54 2209 1151 2317; baseline 0 -25"><span class='ocrx_word' id='word_1_121' title='bbox 54 2219 214 2292; x_wconf 88' lang='lat' dir='ltr'><strong>iaceret.</strong></span> <span class='ocrx_word' id='word_1_122' title='bbox 262 2215 332 2288; x_wconf 86' lang='lat' dir='ltr'><strong>llis</strong></span> <span class='ocrx_word' id='word_1_123' title='bbox 355 2209 469 2286; x_wconf 86' lang='lat' dir='ltr'><strong>honis</strong></span> <span class='ocrx_word' id='word_1_124' title='bbox 495 2215 528 2286; x_wconf 77' lang='lat' dir='ltr'><strong>si</strong></span> <span class='ocrx_word' id='word_1_125' title='bbox 552 2216 636 2313; x_wconf 90' lang='lat' dir='ltr'><strong>quis</strong></span> <span class='ocrx_word' id='word_1_126' title='bbox 661 2209 760 2286; x_wconf 89' lang='lat' dir='ltr'><strong>mala</strong></span> <span class='ocrx_word' id='word_1_127' title='bbox 784 2239 831 2289; x_wconf 90' lang='lat' dir='ltr'><strong>ea</strong></span> <span class='ocrx_word' id='word_1_128' title='bbox 847 2217 1028 2316; x_wconf 83' lang='lat' dir='ltr'><strong>opponat,</strong></span> <span class='ocrx_word' id='word_1_129' title='bbox 1053 2240 1151 2317; x_wconf 84' lang='lat' dir='ltr'><strong>qnae</strong></span> 
     </span>
     <span class='ocr_line' id='line_1_20' title="bbox 55 2311 1220 2415; baseline -0.002 -27"><span class='ocrx_word' id='word_1_130' title='bbox 55 2337 331 2415; x_wconf 90' lang='lat' dir='ltr'><strong>nonnunquam</strong></span> <span class='ocrx_word' id='word_1_131' title='bbox 369 2335 391 2384; x_wconf 86' lang='lat' dir='ltr'><strong>e</strong></span> <span class='ocrx_word' id='word_1_132' title='bbox 431 2313 641 2410; x_wconf 78' lang='lat' dir='ltr'><strong>gymnasiis</strong></span> <span class='ocrx_word' id='word_1_133' title='bbox 675 2311 762 2384; x_wconf 88' lang='lat' dir='ltr'><strong>crta</strong></span> <span class='ocrx_word' id='word_1_134' title='bbox 794 2311 990 2409; x_wconf 88' lang='lat' dir='ltr'><strong>dicuntur,</strong></span> <span class='ocrx_word' id='word_1_135' title='bbox 1038 2337 1153 2415; x_wconf 89' lang='lat' dir='ltr'><strong>quum</strong></span> <span class='ocrx_word' id='word_1_136' title='bbox 1216 2351 1220 2357; x_wconf 95' lang='lat'>·</span> 
     </span>
     <span class='ocr_line' id='line_1_21' title="bbox 55 2404 1154 2506; baseline -0.009 -21"><span class='ocrx_word' id='word_1_137' title='bbox 55 2410 159 2486; x_wconf 92' lang='lat' dir='ltr'><strong>nuda</strong></span> <span class='ocrx_word' id='word_1_138' title='bbox 198 2405 411 2502; x_wconf 86' lang='lat' dir='ltr'><strong>iuvenilium</strong></span> <span class='ocrx_word' id='word_1_139' title='bbox 448 2432 651 2506; x_wconf 85' lang='lat' dir='ltr'><strong>corporum</strong></span> <span class='ocrx_word' id='word_1_140' title='bbox 689 2404 904 2506; x_wconf 85' lang='lat' dir='ltr'><strong>pulcritudo</strong></span> <span class='ocrx_word' id='word_1_141' title='bbox 935 2414 1018 2490; x_wconf 87' lang='lat' dir='ltr'><strong>sine</strong></span> <span class='ocrx_word' id='word_1_142' title='bbox 1051 2408 1154 2486; x_wconf 83' lang='lat' dir='ltr'><strong>vela.</strong></span> 
     </span>
     <span class='ocr_line' id='line_1_22' title="bbox 54 2504 1154 2607; baseline -0.002 -23"><span class='ocrx_word' id='word_1_143' title='bbox 54 2523 196 2584; x_wconf 79' lang='lat' dir='ltr'><strong>mento.</strong></span> <span class='ocrx_word' id='word_1_144' title='bbox 215 2504 395 2605; x_wconf 85' lang='lat' dir='ltr'><strong>adspecta</strong></span> <span class='ocrx_word' id='word_1_145' title='bbox 429 2509 541 2580; x_wconf 88' lang='lat' dir='ltr'><strong>ctiam</strong></span> <span class='ocrx_word' id='word_1_146' title='bbox 573 2504 797 2582; x_wconf 87' lang='lat' dir='ltr'><strong>inhonestas</strong></span> <span class='ocrx_word' id='word_1_147' title='bbox 826 2512 864 2582; x_wconf 94' lang='lat' dir='ltr'><strong>in</strong></span> <span class='ocrx_word' id='word_1_148' title='bbox 890 2513 1049 2607; x_wconf 90' lang='lat' dir='ltr'><strong>impuris</strong></span> <span class='ocrx_word' id='word_1_149' title='bbox 1074 2510 1154 2582; x_wconf 90' lang='lat' dir='ltr'><strong>ani·</strong></span> 
     </span>
     <span class='ocr_line' id='line_1_23' title="bbox 54 2600 1155 2708; baseline 0 -28"><span class='ocrx_word' id='word_1_150' title='bbox 54 2611 125 2680; x_wconf 92' lang='lat' dir='ltr'><strong>mis</strong></span> <span class='ocrx_word' id='word_1_151' title='bbox 152 2602 329 2680; x_wconf 86' lang='lat' dir='ltr'><strong>libidines</strong></span> <span class='ocrx_word' id='word_1_152' title='bbox 354 2600 563 2677; x_wconf 86' lang='lat' dir='ltr'><strong>accendere</strong></span> <span class='ocrx_word' id='word_1_153' title='bbox 587 2610 720 2704; x_wconf 88' lang='lat' dir='ltr'><strong>posset</strong></span> <span class='ocrx_word' id='word_1_154' title='bbox 733 2607 788 2700; x_wconf 85' lang='lat'><strong>⁶):</strong></span> <span class='ocrx_word' id='word_1_155' title='bbox 813 2609 938 2708; x_wconf 90' lang='lat' dir='ltr'><strong>potuit</strong></span> <span class='ocrx_word' id='word_1_156' title='bbox 962 2633 1055 2682; x_wconf 89' lang='lat' dir='ltr'><strong>sanc</strong></span> <span class='ocrx_word' id='word_1_157' title='bbox 1080 2604 1155 2680; x_wconf 78' lang='lat' dir='ltr'><strong>lunc</strong></span> 
     </span>
     <span class='ocr_line' id='line_1_24' title="bbox 52 2697 1305 2803; baseline -0.002 -25"><span class='ocrx_word' id='word_1_158' title='bbox 52 2703 161 2799; x_wconf 81' lang='lat' dir='ltr'><strong>fieri,</strong></span> <span class='ocrx_word' id='word_1_159' title='bbox 195 2703 234 2777; x_wconf 88' lang='lat' dir='ltr'><strong>ct</strong></span> <span class='ocrx_word' id='word_1_160' title='bbox 258 2697 374 2773; x_wconf 85' lang='lat' dir='ltr'><strong>tiebat</strong></span> <span class='ocrx_word' id='word_1_161' title='bbox 398 2697 562 2774; x_wconf 80' lang='lat' dir='ltr'><strong>sortasse</strong></span> <span class='ocrx_word' id='word_1_162' title='bbox 586 2726 663 2774; x_wconf 89' lang='lat' dir='ltr'><strong>non</strong></span> <span class='ocrx_word' id='word_1_163' title='bbox 688 2725 799 2798; x_wconf 81' lang='lat' dir='ltr'><strong>rar03</strong></span> <span class='ocrx_word' id='word_1_164' title='bbox 838 2701 905 2778; x_wconf 87' lang='lat' dir='ltr'><strong>sed</strong></span> <span class='ocrx_word' id='word_1_165' title='bbox 931 2707 1056 2803; x_wconf 85' lang='lat' dir='ltr'><strong>potuit</strong></span> <span class='ocrx_word' id='word_1_166' title='bbox 1079 2701 1156 2776; x_wconf 78' lang='lat' dir='ltr'><strong>linc</strong></span> <span class='ocrx_word' id='word_1_167' title='bbox 1302 2739 1305 2744; x_wconf 94' lang='lat'>·</span> 
     </span>
     <span class='ocr_line' id='line_1_25' title="bbox 54 2795 1156 2900; baseline -0.002 -25"><span class='ocrx_word' id='word_1_168' title='bbox 54 2809 185 2876; x_wconf 89' lang='lat' dir='ltr'><strong>tamen</strong></span> <span class='ocrx_word' id='word_1_169' title='bbox 211 2801 322 2873; x_wconf 90' lang='lat' dir='ltr'><strong>etiam</strong></span> <span class='ocrx_word' id='word_1_170' title='bbox 349 2795 566 2896; x_wconf 86' lang='lat' dir='ltr'><strong>disciplinae</strong></span> <span class='ocrx_word' id='word_1_171' title='bbox 591 2800 793 2872; x_wconf 86' lang='lat' dir='ltr'><strong>severitate</strong></span> <span class='ocrx_word' id='word_1_172' title='bbox 816 2802 860 2874; x_wconf 95' lang='lat' dir='ltr'><strong>ut</strong></span> <span class='ocrx_word' id='word_1_173' title='bbox 878 2799 1077 2900; x_wconf 91' lang='lat' dir='ltr'><strong>plurimum</strong></span> <span class='ocrx_word' id='word_1_174' title='bbox 1092 2824 1156 2874; x_wconf 90' lang='lat' dir='ltr'><strong>ca·</strong></span> 
     </span>
     <span class='ocr_line' id='line_1_26' title="bbox 54 2897 1156 2998; baseline -0.004 -26"><span class='ocrx_word' id='word_1_175' title='bbox 54 2903 161 2992; x_wconf 81' lang='lat' dir='ltr'><strong>veri,</strong></span> <span class='ocrx_word' id='word_1_176' title='bbox 186 2897 393 2997; x_wconf 86' lang='lat' dir='ltr'><strong>potuerunt</strong></span> <span class='ocrx_word' id='word_1_177' title='bbox 418 2899 529 2968; x_wconf 89' lang='lat' dir='ltr'><strong>etiam</strong></span> <span class='ocrx_word' id='word_1_178' title='bbox 553 2899 639 2994; x_wconf 91' lang='lat' dir='ltr'><strong>puri</strong></span> <span class='ocrx_word' id='word_1_179' title='bbox 665 2921 751 2971; x_wconf 89' lang='lat' dir='ltr'><strong>esse</strong></span> <span class='ocrx_word' id='word_1_180' title='bbox 777 2902 816 2970; x_wconf 89' lang='lat' dir='ltr'><strong>et</strong></span> <span class='ocrx_word' id='word_1_181' title='bbox 842 2897 992 2972; x_wconf 85' lang='lat' dir='ltr'><strong>honesti</strong></span> <span class='ocrx_word' id='word_1_182' title='bbox 1015 2921 1156 2998; x_wconf 89' lang='lat' dir='ltr'><strong>puero·</strong></span> 
     </span>
     <span class='ocr_line' id='line_1_27' title="bbox 54 2993 1187 3094; baseline -0.004 -24"><span class='ocrx_word' id='word_1_183' title='bbox 54 3021 142 3070; x_wconf 87' lang='lat' dir='ltr'><strong>rum</strong></span> <span class='ocrx_word' id='word_1_184' title='bbox 182 2993 415 3087; x_wconf 70' lang='lat' dir='ltr'><strong>amores⁷)‚,</strong></span> <span class='ocrx_word' id='word_1_185' title='bbox 439 2994 648 3091; x_wconf 88' lang='lat' dir='ltr'><strong>potueruut</strong></span> <span class='ocrx_word' id='word_1_186' title='bbox 680 2998 793 3068; x_wconf 89' lang='lat' dir='ltr'><strong>animi</strong></span> <span class='ocrx_word' id='word_1_187' title='bbox 817 2999 854 3068; x_wconf 96' lang='lat' dir='ltr'><strong>in</strong></span> <span class='ocrx_word' id='word_1_188' title='bbox 881 2993 1041 3094; x_wconf 88' lang='lat' dir='ltr'><strong>pulchro</strong></span> <span class='ocrx_word' id='word_1_189' title='bbox 1067 3018 1155 3076; x_wconf 63' lang='lat' dir='ltr'><strong>cor,-</strong></span> <span class='ocrx_word' id='word_1_190' title='bbox 1185 3037 1187 3041; x_wconf 94' lang='lat'>-</span> 
     </span>
     <span class='ocr_line' id='line_1_28' title="bbox 53 3088 1157 3289; baseline -0.002 -25"><span class='ocrx_word' id='word_1_191' title='bbox 53 3088 1157 3289; x_wconf 51' lang='lat' dir='ltr'><strong>iiiillhlziilsssslli‘illut‘lliffiili¹¹3lr</strong></span> 
     </span>
     <span class='ocr_line' id='line_1_29' title="bbox 57 3283 1156 3388; baseline 0.002 -26"><span class='ocrx_word' id='word_1_192' title='bbox 57 3285 287 3362; x_wconf 90' lang='lat' dir='ltr'><strong>critudinem</strong></span> <span class='ocrx_word' id='word_1_193' title='bbox 312 3283 439 3386; x_wconf 85' lang='lat' dir='ltr'><strong>lapide</strong></span> <span class='ocrx_word' id='word_1_194' title='bbox 462 3309 682 3386; x_wconf 82' lang='lat' dir='ltr'><strong>expressam</strong></span> <span class='ocrx_word' id='word_1_195' title='bbox 706 3313 890 3362; x_wconf 88' lang='lat' dir='ltr'><strong>amamus:</strong></span> <span class='ocrx_word' id='word_1_196' title='bbox 924 3313 1036 3388; x_wconf 90' lang='lat' dir='ltr'><strong>quam</strong></span> <span class='ocrx_word' id='word_1_197' title='bbox 1063 3311 1156 3364; x_wconf 84' lang='lat' dir='ltr'><strong>sanc</strong></span> 
     </span>
    </p>
   </div>
   <div class='ocr_carea' id='block_1_3' title="bbox 54 3583 1160 3826">
    <p class='ocr_par' dir='ltr' id='par_1_5' title="bbox 54 3583 1160 3826">
     <span class='ocr_line' id='line_1_30' title="bbox 131 3583 1160 3729; baseline 0.002 -71"><span class='ocrx_word' id='word_1_198' title='bbox 131 3597 169 3672; x_wconf 82' lang='grc'><strong>3)</strong></span> <span class='ocrx_word' id='word_1_199' title='bbox 189 3603 278 3655; x_wconf 82' lang='lat' dir='ltr'><strong>Arist.</strong></span> <span class='ocrx_word' id='word_1_200' title='bbox 295 3601 382 3666; x_wconf 77' lang='lat' dir='ltr'><strong>Pelii.</strong></span> <span class='ocrx_word' id='word_1_201' title='bbox 399 3604 483 3674; x_wconf 78' lang='lat' dir='ltr'><strong>vni,</strong></span> <span class='ocrx_word' id='word_1_202' title='bbox 501 3605 528 3668; x_wconf 79' lang='grc'><strong>3,</strong></span> <span class='ocrx_word' id='word_1_203' title='bbox 547 3604 574 3659; x_wconf 86' lang='grc'><strong>3.</strong></span> <span class='ocrx_word' id='word_1_204' title='bbox 610 3583 710 3678; x_wconf 70' lang='lat' dir='ltr'><strong>Enrip.</strong></span> <span class='ocrx_word' id='word_1_205' title='bbox 725 3595 868 3676; x_wconf 76' lang='lat' dir='ltr'><strong>¹Autulyc.</strong></span> <span class='ocrx_word' id='word_1_206' title='bbox 893 3603 929 3660; x_wconf 80' lang='lat' dir='ltr'><strong>ir.</strong></span> <span class='ocrx_word' id='word_1_207' title='bbox 949 3621 999 3729; x_wconf 56' lang='lat' dir='ltr'><strong>api</strong></span> <span class='ocrx_word' id='word_1_208' title='bbox 1016 3601 1160 3660; x_wconf 75' lang='lat' dir='ltr'><strong>Athenae.</strong></span> 
     </span>
     <span class='ocr_line' id='line_1_31' title="bbox 54 3673 1160 3750; baseline 0.005 -24"><span class='ocrx_word' id='word_1_209' title='bbox 54 3673 87 3726; x_wconf 90' lang='lat' dir='ltr'>X</span> <span class='ocrx_word' id='word_1_210' title='bbox 107 3686 141 3740; x_wconf 76' lang='lat' dir='ltr'><strong>p.</strong></span> <span class='ocrx_word' id='word_1_211' title='bbox 163 3675 226 3728; x_wconf 73' lang='lat'><strong>413.</strong></span> <span class='ocrx_word' id='word_1_212' title='bbox 246 3674 350 3728; x_wconf 81' lang='lat' dir='ltr'><strong>Gelan.</strong></span> <span class='ocrx_word' id='word_1_213' title='bbox 368 3684 507 3750; x_wconf 82' lang='lat' dir='ltr'><strong>protrept.</strong></span> <span class='ocrx_word' id='word_1_214' title='bbox 527 3693 550 3730; x_wconf 91' lang='lat' dir='ltr'><strong>c.</strong></span> <span class='ocrx_word' id='word_1_215' title='bbox 565 3675 659 3733; x_wconf 76' lang='lat'><strong>9-14</strong></span> <span class='ocrx_word' id='word_1_216' title='bbox 676 3685 743 3731; x_wconf 83' lang='lat' dir='ltr'><strong>tom·</strong></span> <span class='ocrx_word' id='word_1_217' title='bbox 762 3679 778 3731; x_wconf 95' lang='lat' dir='ltr'><strong>l</strong></span> <span class='ocrx_word' id='word_1_218' title='bbox 798 3691 826 3743; x_wconf 75' lang='grc' dir='ltr'><strong>Ρ.</strong></span> <span class='ocrx_word' id='word_1_219' title='bbox 843 3677 950 3732; x_wconf 73' lang='lat'><strong>20-27</strong></span> <span class='ocrx_word' id='word_1_220' title='bbox 999 3674 1071 3732; x_wconf 70' lang='lat' dir='ltr'><strong>tha.</strong></span> <span class='ocrx_word' id='word_1_221' title='bbox 1088 3676 1160 3731; x_wconf 83' lang='lat' dir='ltr'><strong>Plu·</strong></span> 
     </span>
     <span class='ocr_line' id='line_1_32' title="bbox 55 3744 1153 3826; baseline 0.004 -28"><span class='ocrx_word' id='word_1_222' title='bbox 55 3745 158 3799; x_wconf 80' lang='lat' dir='ltr'><strong>tan-clr-</strong></span> <span class='ocrx_word' id='word_1_223' title='bbox 176 3744 357 3818; x_wconf 85' lang='lat' dir='ltr'><strong>Philopncm·</strong></span> <span class='ocrx_word' id='word_1_224' title='bbox 376 3767 401 3802; x_wconf 89' lang='lat' dir='ltr'><strong>c.</strong></span> <span class='ocrx_word' id='word_1_225' title='bbox 419 3751 447 3807; x_wconf 81' lang='grc'><strong>3.</strong></span> <span class='ocrx_word' id='word_1_226' title='bbox 481 3749 569 3804; x_wconf 78' lang='lat' dir='ltr'><strong>Corn.</strong></span> <span class='ocrx_word' id='word_1_227' title='bbox 588 3751 665 3822; x_wconf 83' lang='lat' dir='ltr'><strong>Nep.</strong></span> <span class='ocrx_word' id='word_1_228' title='bbox 683 3749 816 3826; x_wconf 78' lang='lat' dir='ltr'><strong>Epamin.</strong></span> <span class='ocrx_word' id='word_1_229' title='bbox 834 3752 861 3817; x_wconf 75' lang='lat'><strong>2,</strong></span> <span class='ocrx_word' id='word_1_230' title='bbox 879 3750 906 3802; x_wconf 76' lang='lat' dir='ltr'><strong>l.</strong></span> <span class='ocrx_word' id='word_1_231' title='bbox 1089 3783 1102 3792; x_wconf 47' lang='lat' dir='ltr'><strong>-s</strong></span> <span class='ocrx_word' id='word_1_232' title='bbox 1150 3763 1153 3770; x_wconf 86' lang='grc'><strong><em>’</em></strong></span> 
     </span>
    </p>
   </div>
   <div class='ocr_carea' id='block_1_4' title="bbox 52 3849 1159 4076">
    <p class='ocr_par' dir='ltr' id='par_1_6' title="bbox 52 3849 1159 4076">
     <span class='ocr_line' id='line_1_33' title="bbox 137 3849 1159 3928; baseline 0.003 -23"><span class='ocrx_word' id='word_1_233' title='bbox 137 3849 175 3921; x_wconf 73' lang='lat' dir='ltr'><strong>d)</strong></span> <span class='ocrx_word' id='word_1_234' title='bbox 195 3854 271 3907; x_wconf 76' lang='lat' dir='ltr'><strong>ilinc</strong></span> <span class='ocrx_word' id='word_1_235' title='bbox 288 3853 383 3908; x_wconf 87' lang='lat' dir='ltr'><strong>Solon</strong></span> <span class='ocrx_word' id='word_1_236' title='bbox 400 3858 534 3912; x_wconf 67' lang='lat' dir='ltr'><strong>mimda</strong></span> <span class='ocrx_word' id='word_1_237' title='bbox 551 3852 596 3914; x_wconf 73' lang='lat' dir='ltr'><strong>uic</strong></span> <span class='ocrx_word' id='word_1_238' title='bbox 609 3853 687 3928; x_wconf 72' lang='grc' dir='ltr'><strong><em>υμᾶς</em></strong></span> <span class='ocrx_word' id='word_1_239' title='bbox 699 3857 752 3910; x_wconf 73' lang='grc' dir='ltr'><strong>τῶν</strong></span> <span class='ocrx_word' id='word_1_240' title='bbox 765 3855 793 3910; x_wconf 76' lang='grc' dir='ltr'><strong>ἐν</strong></span> <span class='ocrx_word' id='word_1_241' title='bbox 809 3854 910 3928; x_wconf 71' lang='grc' dir='ltr'><strong>0γῶον</strong></span> <span class='ocrx_word' id='word_1_242' title='bbox 925 3850 1051 3922; x_wconf 72' lang='lat' dir='ltr'><strong>dlitnru&#39;ir.</strong></span> <span class='ocrx_word' id='word_1_243' title='bbox 1070 3855 1159 3924; x_wconf 65' lang='grc' dir='ltr'><strong>Πίος.</strong></span> 
     </span>
     <span class='ocr_line' id='line_1_34' title="bbox 54 3924 1159 4000; baseline 0.005 -23"><span class='ocrx_word' id='word_1_244' title='bbox 54 3924 165 3978; x_wconf 80' lang='lat' dir='ltr'><strong>Laert.</strong></span> <span class='ocrx_word' id='word_1_245' title='bbox 182 3924 285 3978; x_wconf 86' lang='lat' dir='ltr'><strong>Solon.</strong></span> <span class='ocrx_word' id='word_1_246' title='bbox 304 3945 328 3982; x_wconf 76' lang='grc'><strong>0.</strong></span> <span class='ocrx_word' id='word_1_247' title='bbox 347 3929 390 3981; x_wconf 79' lang='grc'><strong>55.</strong></span> <span class='ocrx_word' id='word_1_248' title='bbox 419 3927 458 3982; x_wconf 81' lang='lat' dir='ltr'><strong>Et</strong></span> <span class='ocrx_word' id='word_1_249' title='bbox 476 3936 574 3983; x_wconf 69' lang='lat' dir='ltr'><strong>umen</strong></span> <span class='ocrx_word' id='word_1_250' title='bbox 593 3927 679 3982; x_wconf 75' lang='lat' dir='ltr'><strong>lanius</strong></span> <span class='ocrx_word' id='word_1_251' title='bbox 698 3947 814 4000; x_wconf 82' lang='lat' dir='ltr'><strong>qnoque</strong></span> <span class='ocrx_word' id='word_1_252' title='bbox 826 3926 1159 3997; x_wconf 65' lang='lat' dir='ltr'><strong>artismagistroslonge</strong></span> 
     </span>
     <span class='ocr_line' id='line_1_35' title="bbox 52 3992 1107 4076; baseline 0.004 -26"><span class='ocrx_word' id='word_1_253' title='bbox 52 4001 328 4068; x_wconf 77' lang='lat' dir='ltr'><strong>praestantissimos</strong></span> <span class='ocrx_word' id='word_1_254' title='bbox 346 3998 469 4054; x_wconf 76' lang='lat' dir='ltr'><strong>Athenis</strong></span> <span class='ocrx_word' id='word_1_255' title='bbox 487 4002 578 4070; x_wconf 71' lang='lat' dir='ltr'><strong>luisse</strong></span> <span class='ocrx_word' id='word_1_256' title='bbox 595 3992 738 4072; x_wconf 74' lang='lat' dir='ltr'><strong>Pindarus</strong></span> <span class='ocrx_word' id='word_1_257' title='bbox 757 4004 880 4052; x_wconf 81' lang='lat' dir='ltr'><strong>testatur</strong></span> <span class='ocrx_word' id='word_1_258' title='bbox 898 3999 1044 4076; x_wconf 61' lang='lat' dir='ltr'><strong>Nem-Y,</strong></span> <span class='ocrx_word' id='word_1_259' title='bbox 1064 3999 1107 4054; x_wconf 76' lang='grc'><strong>49.</strong></span> 
     </span>
    </p>
   </div>
   <div class='ocr_carea' id='block_1_5' title="bbox 52 4073 1160 4249">
    <p class='ocr_par' dir='ltr' id='par_1_7' title="bbox 52 4073 1160 4249">
     <span class='ocr_line' id='line_1_36' title="bbox 134 4073 1160 4179; baseline 0.003 -21"><span class='ocrx_word' id='word_1_260' title='bbox 134 4098 172 4170; x_wconf 79' lang='lat'><strong>5)</strong></span> <span class='ocrx_word' id='word_1_261' title='bbox 192 4103 267 4158; x_wconf 85' lang='lat' dir='ltr'><strong>Plat.</strong></span> <span class='ocrx_word' id='word_1_262' title='bbox 285 4107 402 4176; x_wconf 71' lang='lat' dir='ltr'><strong>Protag.</strong></span> <span class='ocrx_word' id='word_1_263' title='bbox 422 4127 450 4179; x_wconf 88' lang='lat' dir='ltr'><strong>p.</strong></span> <span class='ocrx_word' id='word_1_264' title='bbox 469 4107 524 4164; x_wconf 77' lang='lat'><strong>326</strong></span> <span class='ocrx_word' id='word_1_265' title='bbox 540 4109 575 4163; x_wconf 82' lang='lat' dir='ltr'><strong>B.</strong></span> <span class='ocrx_word' id='word_1_266' title='bbox 594 4109 627 4162; x_wconf 77' lang='lat' dir='ltr'><strong>(l-</strong></span> <span class='ocrx_word' id='word_1_267' title='bbox 644 4109 766 4164; x_wconf 81' lang='lat' dir='ltr'><strong>Aristot.</strong></span> <span class='ocrx_word' id='word_1_268' title='bbox 784 4105 873 4160; x_wconf 71' lang='lat' dir='ltr'><strong>Polit.</strong></span> <span class='ocrx_word' id='word_1_269' title='bbox 891 4107 1023 4176; x_wconf 60' lang='lat' dir='ltr'><strong>vlita,</strong></span> <span class='ocrx_word' id='word_1_270' title='bbox 1035 4107 1067 4162; x_wconf 79' lang='grc'><strong>’3.</strong></span> <span class='ocrx_word' id='word_1_271' title='bbox 1083 4073 1085 4080; x_wconf 69' lang='lat'>›</span> <span class='ocrx_word' id='word_1_272' title='bbox 1101 4105 1160 4161; x_wconf 67' lang='lat' dir='ltr'><strong>lau·</strong></span> 
     </span>
     <span class='ocr_line' id='line_1_37' title="bbox 52 4175 1079 4249; baseline -0.003 -20"><span class='ocrx_word' id='word_1_273' title='bbox 52 4175 139 4230; x_wconf 68' lang='lat' dir='ltr'><strong>cina.</strong></span> <span class='ocrx_word' id='word_1_274' title='bbox 164 4175 199 4228; x_wconf 85' lang='lat' dir='ltr'><strong>dc</strong></span> <span class='ocrx_word' id='word_1_275' title='bbox 215 4189 347 4249; x_wconf 71' lang='lat' dir='ltr'><strong>gymnas.</strong></span> <span class='ocrx_word' id='word_1_276' title='bbox 367 4199 392 4232; x_wconf 64' lang='lat' dir='ltr'><strong>ca</strong></span> <span class='ocrx_word' id='word_1_277' title='bbox 411 4181 456 4237; x_wconf 73' lang='lat'><strong>24.</strong></span> <span class='ocrx_word' id='word_1_278' title='bbox 1048 4207 1051 4212; x_wconf 90' lang='lat'>-</span> <span class='ocrx_word' id='word_1_279' title='bbox 1077 4218 1079 4226; x_wconf 93' lang='lat'>.</span> 
     </span>
    </p>
   </div>
   <div class='ocr_carea' id='block_1_6' title="bbox 133 4278 666 4459">
    <p class='ocr_par' dir='ltr' id='par_1_8' title="bbox 133 4278 666 4459">
     <span class='ocr_line' id='line_1_38' title="bbox 133 4278 562 4370; baseline 0.016 -34"><span class='ocrx_word' id='word_1_280' title='bbox 133 4278 173 4348; x_wconf 82' lang='lat'><strong>8)</strong></span> <span class='ocrx_word' id='word_1_281' title='bbox 192 4285 252 4337; x_wconf 79' lang='lat' dir='ltr'><strong>cio.</strong></span> <span class='ocrx_word' id='word_1_282' title='bbox 273 4285 394 4339; x_wconf 77' lang='lat' dir='ltr'><strong>Tuscul.</strong></span> <span class='ocrx_word' id='word_1_283' title='bbox 412 4287 470 4356; x_wconf 85' lang='lat' dir='ltr'><strong>IV,</strong></span> <span class='ocrx_word' id='word_1_284' title='bbox 486 4288 532 4343; x_wconf 47' lang='grc' dir='ltr'><strong>ὦ.</strong></span> <span class='ocrx_word' id='word_1_285' title='bbox 558 4365 562 4370; x_wconf 33' lang='grc'><em>“</em></span> 
     </span>
     <span class='ocr_line' id='line_1_39' title="bbox 133 4384 666 4459; baseline 0.011 -17"><span class='ocrx_word' id='word_1_286' title='bbox 133 4384 172 4458; x_wconf 82' lang='lat'><strong>7)</strong></span> <span class='ocrx_word' id='word_1_287' title='bbox 191 4391 235 4449; x_wconf 72' lang='lat' dir='ltr'><strong>(if.</strong></span> <span class='ocrx_word' id='word_1_288' title='bbox 254 4391 370 4447; x_wconf 72' lang='lat' dir='ltr'><strong>Jacobs.</strong></span> <span class='ocrx_word' id='word_1_289' title='bbox 388 4391 408 4447; x_wconf 92' lang='lat' dir='ltr'><strong>l.</strong></span> <span class='ocrx_word' id='word_1_290' title='bbox 426 4392 447 4448; x_wconf 84' lang='lat' dir='ltr'><strong>l.</strong></span> <span class='ocrx_word' id='word_1_291' title='bbox 467 4406 495 4459; x_wconf 78' lang='lat' dir='ltr'><strong>P·</strong></span> <span class='ocrx_word' id='word_1_292' title='bbox 515 4394 666 4450; x_wconf 73' lang='lat' dir='ltr'><strong>ala-254.</strong></span> 
     </span>
    </p>
   </div>
   <div class='ocr_carea' id='block_1_7' title="bbox 0 0 1414 5080">
    <p class='ocr_par' dir='ltr' id='par_1_9' title="bbox 0 0 1414 5080">
     <span class='ocr_line' id='line_1_40' title="bbox 0 0 1414 5080; baseline 0 0"><span class='ocrx_word' id='word_1_293' title='bbox 0 0 1414 5080; x_wconf 95' lang='lat' dir='ltr'><strong> </strong></span> 
     </span>
    </p>
   </div>
  </div>
 </body>
</html>
