2814 5080
438 325 473 401 tt
497 325 559 399 De
583 325 746 414 audente,
826 357 827 362 ¹
1096 331 1169 414 287

78 534 110 581 s.
135 511 339 606 παραβόλων
363 503 501 581 dieitur
515 493 563 606 ¹⁵)
601 551 647 566 ·-
675 508 823 584 Deinde
849 515 883 586 si
907 516 992 614 quis
1015 517 1055 590 iu
1079 543 1170 618 quo-

79 631 229 704 cunque
254 604 391 678 iudicio
418 605 556 680 absens
582 603 683 680 litem
709 607 947 705 perdiderat,
980 617 1169 690 restitutio

77 703 270 802 postulari
295 707 449 801 poterat
473 699 520 775 nb
548 730 615 797 eo,
653 709 715 803 qui
740 705 947 782 absentiam
973 737 1079 785 suam
1106 716 1172 787 aut

77 797 184 872 uuila
210 825 279 872 sua
305 799 413 898 culpa
440 826 517 873 non
544 805 781 895 excusatam,
823 807 889 878 aut
914 811 1170 884 excusationis

76 899 265 970 rationem
291 901 427 970 iniuste
454 925 528 970 non
556 896 718 972 habitam
746 925 830 976 esse
847 901 1014 980 doceret.
1061 907 1171 983 Hanc
1248 971 1254 980 .

75 997 356 1068 restitutionem
382 999 445 1094 qui
470 1002 576 1093 petit,
603 999 635 1067 si
661 1021 724 1069 res
750 999 847 1096 apud
867 1000 1066 1076 dinotetam
1082 1008 1170 1078 acto

76 1100 172 1181 erat,
198 1095 259 1181 τὴν
279 1095 325 1181 μ)
348 1095 457 1172 οὖσαν,
481 1096 538 1166 siu
564 1119 584 1164 a
616 1091 662 1164 ud
686 1091 781 1168 alios
796 1093 951 1191 iudices,
975 1103 1035 1190 τὴν
1049 1104 1169 1193 ἐρήμην

73 1191 263 1277 α’ντιλαχὲῖν
285 1187 491 1283 dieitur¹⁶).
508 1233 556 1248 ·-
582 1120 613 1262 d:

74 1287 112 1357 ia
149 1290 209 1358 ius
241 1287 413 1358 vocatum
441 1311 526 1361 esse
551 1312 620 1386 per
642 1291 774 1380 γραφὴν
794 1294 1045 1386 ψευδοκλητείας
1067 1295 1167 1367 vice·

75 1387 151 1473 rat,
178 1377 344 1456 rescindi
367 1386 592 1457 senteutiam
618 1381 993 1459 contrahuueiatam
1008 1413 1166 1464 necesse
1194 1400 1197 1405 '

75 1485 181 1571 erat,
214 1483 441 1579 poteratque
465 1484 499 1553 is
523 1485 678 1581 insuper
702 1477 750 1553 ab
776 1480 996 1557 adversario
1022 1513 1166 1584 poenas

74 1585 250 1676 repetere
264 1589 334 1674 'per
346 1579 437 1668 δίκην
448 1581 866 1669 κακοτεχνιῶνειιιῑγραφὴν
881 1591 1096 1672 συκοφαντίας
1105 1587 1165 1669 17).

72 1718 121 1732 —-
152 1677 323 1773 Denique
348 1675 411 1771 qui
437 1672 618 1747 salsorum
638 1678 789 1748 testium
802 1699 920 1772 opera
935 1684 1001 1750 aut
1018 1705 1060 1753 se
1073 1670 1165 1753 con·

74 1772 292 1846 demnatum
325 1779 390 1842 aut
424 1768 684 1844 adversarium
718 1769 933 1845 ahsolutum
967 1801 1050 1850 esse
1077 1803 1165 1850 eon·

73 1868 263 1962 tenderet,
287 1871 333 1960 is,
359 1871 392 1941 ei
415 1870 532 1942 testes
556 1893 626 1967 per
650 1873 742 1960 δίκην
762 1871 1050 1964 ψευδομαρτυριῶν
1074 1900 1163 1947 eon.

73 1970 249 2057 vicisset,
288 1970 353 2036 aut
385 1990 529 2062 poenas
561 1965 609 2037 ab
643 1962 864 2038 adversario
896 1971 1070 2063 repetere
1094 1997 1164 2070 per
1259 2030 1263 2036 ,

74 2063 236 2140 eandem
249 2061 349 2136 iliam
364 2065 456 2153 δίκην
477 2071 696 2148 emmanue,
719 2065 786 2134 eut
798 2064 836 2133 in
851 2061 1040 2140 nonnuliis
1059 2075 1164 2144 certe

74 2165 203 2235 causis
238 2163 349 2234 etiam
386 2163 660 2234 restitutionem
699 2158 896 2257 postulare
933 2166 1163 2260 peterat¹⁸).

73 2261 190 2350 Quae
224 2261 347 2332 autem
371 2255 417 2330 iis
450 2283 673 2428 quoeunpue
706 2253 819 2328 modo
844 2259 980 2331 iterum
1004 2264 1045 2337 iu
1068 2261 1164 2337 iudi.

75 2363 175 2432 cium
200 2360 313 2451 veuit,
339 2359 411 2452 δίκη
433 2356 588 2436 ἀντίδικος
627 2355 808 2450 icitur¹⁹).

538 2533 569 2614 ς.
601 2521 705 2602 txt

171 2675 356 2749 Diversus
395 2669 444 2747 ab
490 2670 555 2747 ilio
595 2695 703 2774 quem
741 2699 859 2773 supra
900 2665 1166 2776 descripsimus

7 2819 9 2829 ι
75 2770 209 2847 ordine
234 2771 457 2846 iudiciorum
482 2775 516 2843 is
543 2781 636 2864 erat,
663 2795 773 2869 quem
798 2769 977 2846 caedibus
1003 2781 1164 2852 acsimi-

73 2869 174 2944 iibus
200 2865 418 2944 criminibus
441 2869 713 2969 persequendis
739 2895 762 2940 a
786 2869 966 2944 Dracone
980 2877 1163 2950 sancitum

75 2969 235 3043 Solonis
259 2968 366 3067 teges
391 2973 648 3056 servaverant,
672 2991 749 3038 una
774 2964 949 3039 fortassis
975 2990 1020 3040 ea
1044 2977 1164 3046 muta·
1239 3008 1242 3018 ¹

73 3071 176 3140 tione
203 3065 315 3158 secta,
340 3071 394 3161 ut,
420 3088 531 3163 quum
557 3091 580 3135 a
604 3063 783 3137 Dracone
809 3066 936 3136 omnia
961 3063 1071 3140 huius
1094 3083 1166 3168 gei

76 3169 178 3237 neris
216 3162 353 3236 iudicia
390 3161 621 3259 Ephetarum
653 3159 1072 3258 collegiodemandata
1103 3193 1163 3240 es.

74 3265 159 3336 seut
174 3263 216 3352 ¹),
244 3287 266 3333 a
292 3285 366 3362 quo
391 3286 463 3360 pro
490 3261 669 3357 cuiusque
694 3283 832 3332 causae
858 3256 1081 3336 condicione
1099 3270 1164 3346 ant

617 1215 708 1262 erro
734 1196 766 1264 si
792 1196 875 1292 quis
901 1219 943 1269 se
960 1195 1072 1293 piane
1091 1221 1167 1269 nou
1294 1277 1295 1282 ,

75 3363 112 3434 in
144 3363 371 3458 Areopago,
409 3360 475 3432 aut
505 3354 552 3428 ad
577 3353 805 3450 Palladium,
844 3354 982 3431 autad
1008 3346 1163 3465 Deiphi-

80 3557 278 3570 W

146 3653 195 3724 15)
214 3653 322 3708 Pollux
340 3654 360 3709 l.
379 3653 400 3707 Ι.

143 3758 192 3832 ld)
211 3761 394 3816 Hudtwatck.
413 3773 440 3826 ρ.
458 3758 600 3814 99-115.
635 3761 720 3814 Proo.
741 3762 802 3815 att.
821 3775 849 3827 p.
869 3761 921 3815 756
939 3779 1000 3832 sqq,
1026 3760 1159 3824 Ceterum

76 3834 197 3905 peteuda
215 3843 278 3888 erat
295 3837 439 3888 restitutio
457 3835 534 3886 intra
548 3831 625 3885 diem
645 3833 794 3900 decimum,
813 3836 837 3886 si
856 3831 931 3903 apud
950 3833 1097 3901 diaetetas,
1117 3833 1159 3884 in·

76 3913 119 3958 tra
137 3908 209 3960 duos
228 3902 350 3972 meuses,
368 3908 393 3959 si
413 3906 489 3978 apud
508 3902 581 3958 ulios
599 3904 709 3958 iudices
727 3923 774 3958 res
794 3914 857 3962 acta
869 3912 939 3958 erat.

143 4010 193 4082 17)
212 4014 296 4067 Proo.
315 4017 377 4068 ntt.
396 4026 424 4080 Ρ.
444 4014 497 4070 758
515 4030 558 4084 aq.

143 4118 194 4188 le)
214 4121 289 4176 rere.
308 4133 336 4188 p.
351 4121 512 4177 rso-tet.

143 4225 286 4298 rotun.
305 4242 333 4295 p.
353 4229 405 4284 us
423 4237 484 4284 noe
503 4229 530 4283 a
638 4203 640 4210 ’

140 4333 166 4395 l)
185 4335 271 4390 conf.
288 4329 366 4411 supr·
388 4333 413 4410 §.
432 4338 459 4406 6,
477 4337 505 4391 d.
