2838 5080
272 407 346 486 440
474 403 540 480 1⁷1.
563 401 624 478 De
646 399 836 478 instituat
859 399 959 476 turis
978 401 1164 494 geatam.

270 587 438 669 foederis
469 583 717 684 magistratus
749 583 1013 682 strategus
1046 583 1148 676 erat,
1186 585 1245 684 qni
1271 609 1333 660 nen

272 685 395 767 solum
421 685 611 760 exereitus
636 683 832 780 imperium
856 677 1036 772 habebat,
1062 678 1245 756 sedetiam
1261 707 1334 754 een·

272 786 367 862 ciliis
400 780 458 856 vel
491 775 698 852 minoribus
736 775 796 852 vel
828 774 1035 851 maioribus
1067 785 1259 877 praeerat,
1285 805 1335 852 res

273 873 544 957 consultandos
559 871 809 976 proponebat,
825 875 864 946 in
878 871 1102 972 suflragium
1120 872 1336 970 mittebat¹²).

273 982 395 1054 lluius
421 999 557 1048 nomen
585 975 696 1044 etiam
722 968 861 1044 tabulis
913 968 1048 1044 ublieis
1074 969 1123 1044 ad
1149 975 1233 1044 unni
1256 968 1338 1046 desi·

304 1078 490 1150 nationem
523 996 927 1168 praescribebatumll.
966 1066 1146 1142 -Additus
1177 1067 1339 1167 Stratego
1399 1091 1400 1124 ¹

270 1103 572 1269 {lipparchus
605 1173 702 1255 erat,
732 1168 794 1265 qui
827 1167 1008 1264 equitatui
1040 1172 1235 1264 praeesset
1257 1165 1339 1238 aliis·

276 1295 349 1372 que
374 1271 413 1342 in
440 1265 603 1360 negotiis
628 1261 730 1334 illum
757 1259 964 1336 adiuvaret.
1021 1263 1228 1336 Praeterea
1255 1287 1342 1353 γραμ-

275 1370 406 1456 ματεύς,
438 1362 544 1461 quasi
578 1355 918 1432 cancellarium
952 1355 1133 1454 dicas¹⁴).
1192 1359 1267 1446 Qui
1290 1383 1342 1428 au·

278 1471 355 1535 tem
397 1456 496 1555 apud
528 1452 730 1552 Polybium
771 1457 810 1528 ct
841 1456 878 1526 in
918 1451 1081 1554 quadam
1118 1457 1343 1552 inscriptione

276 1557 615 1629 cernmemorantur
631 1557 839 1643 νομογράφοι,
863 1567 975 1626 extra
999 1551 1166 1628 ordinem
1195 1575 1343 1626 nonnun·

279 1678 392 1756 quam
418 1651 537 1726 creati
560 1672 646 1724 esse
671 1645 917 1745 videntur¹⁵).

282 1831 485 1850 m

276 1929 347 1986 telis
366 1929 522 1985 obsidibus.
559 1923 712 2002 Hypatam,
731 1927 770 1982 id.
789 1925 924 1997 XXXVI,
942 1927 992 1992 20,
1011 1926 1044 1996 1,
1068 1927 1104 1982 de
1127 1927 1232 1998 legatis
1250 1925 1284 1980 ad
1298 1929 1345 1980 Aa·

169 2049 173 2060 ,
274 2004 404 2058 tiochum
422 2001 577 2056 mittendis.
614 2000 794 2064 Heracleam,
811 2002 874 2056 mv.
892 1999 1029 2064 xxvnl,
1048 2001 1074 2072 5,
1093 2001 1138 2069 13,
1156 2001 1194 2053 de
1211 1998 1285 2053 bello
1307 1997 1344 2049 ad·

276 2093 379 2128 versus
397 2074 570 2146 Philippum.
604 2074 797 2142 Naupactum,
814 2073 919 2144 Polyb.
941 2073 981 2140 V,
1001 2073 1068 2136 103,
1091 2073 1122 2140 2,
1147 2071 1184 2124 de
1207 2089 1276 2143 pace
1296 2087 1345 2122 ena

275 2146 400 2200 Achaeis
418 2145 559 2198 iacienda.
591 2145 789 2214 Naupactum,
812 2144 877 2201 Ltv.
896 2145 1017 2210 xxxl,
1041 2143 1090 2210 29,
1113 2143 1146 2210 8,
1170 2141 1209 2195 de
1233 2141 1304 2194 hello
1322 2158 1346 2192 at

275 2235 356 2290 paee.
392 2217 585 2288 Naupactum,
602 2215 666 2268 mv.
683 2215 815 2282 xxxV,
834 2218 877 2283 tt,
895 2218 926 2284 0,
951 2215 986 2270 de
1005 2213 1083 2268 hello
1102 2214 1243 2269 adversus
1258 2216 1347 2268 Βοωι·

275 2306 339 2344 nos
373 2289 509 2343 Lamiam.
526 2289 591 2342 mv.
609 2287 742 2355 XXXV,
760 2287 786 2355 9,
806 2287 841 2341 de
860 2287 960 2341 eadem
978 2305 1021 2340 re.

349 2411 396 2476 12)
416 2414 429 2462 Ι
450 2415 490 2477 si,
509 2431 596 2484 quum
616 2410 748 2465 debello
767 2411 971 2470 consuluisset,
995 2414 1165 2466 sententiam
1192 2410 1284 2464 dicere
1304 2423 1349 2459 acu
1401 2427 1402 2462 2

274 2480 392 2535 licuisse
411 2431 619 2554 Plsilopoemen
639 2485 679 2535 sit
698 2482 773 2553 apud
791 2483 854 2536 Isiu.
872 2485 1004 2548 XXXV,
1023 2486 1067 2550 25,
1090 2485 1121 2548 7,
1148 2501 1246 2554 neque
1268 2479 1350 2533 adver·

278 2562 358 2606 tatur
378 2551 451 2606 alter
468 2554 559 2622 locus,
578 2553 688 2621 xxxl,
707 2555 751 2620 32,
776 2553 826 2608 ubi
844 2561 986 2624 strategus
1004 2554 1077 2607 nihil
1100 2555 1157 2607 nisi
1182 2551 1350 2606 differendam

279 2623 520 2679 consultationem
541 2625 674 2678 debello
694 2625 804 2680 suadet.
842 2628 912 2679 Non
931 2632 994 2679 erat
1011 2629 1113 2695 igitur,
1139 2625 1220 2696 qnod
1238 2619 1351 2677 nonnulli

279 2697 481 2764 corrigendum
499 2697 582 2752 illum
601 2697 698 2751 locum
717 2703 747 2750 et
764 2715 816 2770 pro
834 2695 1093 2752 AetolitAchaees
1105 2696 1287 2770 reponendos
1303 2708 1351 2746 eset

283 2776 445 2822 censerent.

349 2890 400 2962 ra)
418 2893 489 2947 vra.
508 2869 594 2968 σοι,
612 2893 704 2949 reses.
722 2909 771 2946 no.
790 2891 862 2948 sose
885 2898 914 2946 et
931 2889 1061 2946 noenta.
1079 2890 1119 2945 u.
1138 2895 1211 2946 com.
1229 2891 1246 2946 1
1261 2909 1288 2963 p.
1303 2889 1351 2944 aea

350 3016 398 3081 14)
419 3019 493 3072 'I'res
516 3017 571 3071 hos
595 3021 794 3088 magistratus,
823 3023 999 3088 praetorem,
1030 3013 1208 3086 praefectam
1238 3017 1349 3088 equitus,

279 3088 401 3142 scribam
418 3090 574 3178 publicum,
594 3091 743 3158 coniungit
761 3089 824 3142 hir.
844 3087 1008 3154 xxxvnl,
1026 3089 1070 3154 10,
1089 3089 1105 3143 7
1125 3084 1350 3159 ctt’olyffltt,
1402 3113 1403 3182 ,

280 3161 388 3226 15,10.
425 3160 469 3215 Cf·
491 3162 650 3214 'l'rttmanm
668 3181 696 3234 p.
717 3160 779 3214 727.
1402 3183 1403 3210 t

351 3281 400 3350 15)
418 3285 523 3356 Polyb.
542 3284 622 3351 14111,
642 3284 667 3337 1.
704 3284 791 3356 (torp.
811 3285 900 3336 inser.
919 3301 968 3337 no.
986 3283 1059 3340 3043
1083 3302 1146 3338 cum
1171 3281 1299 3336 Boeclslr.
1314 3277 1350 3330 ad·

280 3359 342 3406 not.
362 3362 430 3408 tom.
455 3359 484 3410 Ii
508 3377 535 3429 p.
555 3358 609 3410 633
634 3361 706 3408 extr.
731 3381 767 3394 -
792 3357 1059 3410 commemorantur
1081 3361 1233 3428 praeterea
1252 3350 1351 3428 uottdott

279 3424 330 3478 πδν
346 3427 464 3480 Alrwtuir
482 3447 526 3498 ap.
546 3429 669 3498 Appisn.
687 3426 799 3480 Maced.
820 3435 888 3480 tom.
909 3429 923 3480 1
940 3439 968 3492 p.
987 3429 1041 3484 513
1059 3425 1225 3496 Schweigh.
1249 3433 1277 3479 et
1296 3423 1350 3476 cirt-

282 3495 343 3572 δροι.
357 3501 387 3549 in
406 3500 546 3570 inscriptt.
566 3518 613 3552 no.
632 3500 713 3552 2350.
734 3500 811 3552 2352
830 3498 911 3552 3046.
935 3498 996 3552 Sed
1013 3518 1033 3552 π
1049 3497 1135 3571 όεδρος
1150 3497 1212 3564 ille,
1231 3493 1352 3566 (Alexan-

284 3567 335 3621 der
355 3571 429 3622 Itius
450 3569 485 3622 de
504 3589 561 3641 quo
579 3569 639 3622 vid.
658 3568 764 3640 Polyb.
781 3571 879 3626 XVII.
897 3571 924 3637 3,
943 3569 969 3624 l.
987 3571 1017 3624 X
1050 3572 1101 3636 111,
1120 3568 1165 3636 13,
1182 3565 1226 3638 5.)
1249 3567 1351 3622 fortasse

282 3639 355 3692 nihil
374 3639 452 3692 aliud
470 3643 524 3693 nisi
543 3643 675 3712 princeps
694 3641 846 3708 legationis
867 3645 925 3707 est3
943 3640 1059 3714 σύνεδροι
1077 3647 1181 3708 autem,
1201 3641 1250 3713 qui
1266 3636 1350 3692 tostus

284 3729 348 3763 cum
372 3712 450 3764 Ueiis
470 3719 499 3765 et
517 3713 597 3766 Teiis
616 3713 795 3777 confirmant,
814 3731 848 3764 ae
867 3712 902 3765 de
921 3715 1033 3766 iniuriis
1053 3719 1155 3767 eontra
1172 3711 1274 3766 foedus
1291 3725 1350 3760 com·

284 3785 378 3835 missis
396 3782 533 3852 iudicant,
553 3802 590 3837 an
610 3791 639 3837 et
657 3802 713 3854 qua
730 3787 843 3837 ratione
862 3783 898 3836 ab
910 3784 1047 3855 apocletis
1060 3786 1167 3838 diversi
1180 3783 1292 3849 fuerint,
1307 3778 1350 3830 dit·

285 3857 365 3906 cerni
384 3872 444 3906 non
482 3861 566 3910 otest.
584 3880 620 3894 -
655 3857 701 3910 De
726 3854 917 3927 polemarehis
940 3855 1119 3924 singularum
1141 3857 1286 3912 civitatum
1305 3847 1347 3903 vll·

290 3943 364 3996 qnae
382 3875 513 3982 Boecllls.
531 3934 631 3983 monet
648 3927 734 4000 corp.
751 3927 843 3981 lnscr.
860 3929 877 3984 1
893 3945 922 4000 1³·
939 3927 1001 3984 823·
