2806 5080
255 365 340 440 156*
427 364 456 441 l
462 364 500 440 V.
523 360 559 436 2
585 361 644 437 De
673 351 909 443 ereremum
933 387 978 436 rc
995 361 1165 463 publico.

255 547 391 626 cedere
434 573 510 620 non
549 544 743 642 iiceret2).-
791 544 998 620 Poetarum
1030 573 1145 625 nnnm
1178 555 1329 628 maxime

253 643 472 748 probabant
507 643 727 736 Tiraietarn‚
760 668 947 742 paeonum
981 642 1213 748 aliorumque
1250 677 1329 724 ean·

254 751 359 818 tuum
401 743 691 842 compositorem
727 737 964 841 rhythmiqne
1005 746 1135 817 cretici
1171 749 1330 822 invento·

254 867 334 917 rem
347 843 391 936 3).
428 843 587 914 Amores
613 835 773 938 denique
792 840 957 912 virorum
969 840 1008 913 ct
1022 866 1226 938 puerorum
1240 844 1331 944 apnd

256 941 465 1014 Cretenses
485 961 561 1009 non
581 938 704 1010 minus
751 959 835 1008 nam
849 935 949 1035 apud
963 934 1178 1035 Spartanos
1193 939 1332 1016 honesti
1393 973 1394 1054 p

255 1038 366 1110 erant
380 1037 418 1108 et
430 1033 587 1134 legitimi
600 1032 646 1124 ⁴).
672 959 793 1131 igitur
807 1035 870 1132 qni
882 1059 1040 1134 puerum
1054 1061 1181 1109 amare
1195 1043 1332 1137 eoepis·
1393 1071 1394 1092 2

255 1137 315 1208 set
329 1176 375 1192 -··
391 1135 429 1206 in
446 1156 520 1232 quo
544 1128 692 1230 quidem
714 1127 862 1203 indoles
886 1134 1014 1273 potius
1039 1130 1209 1208 liberalis
1234 1161 1333 1235 qnam

254 1231 401 1306 formae
427 1231 604 1304 venustas
629 1223 873 1325 spectabatur
900 1232 932 1320 )‚
957 1269 1006 1284 ·-
1029 1225 1127 1302 bunc
1141 1256 1211 1328 per
1227 1258 1334 1333 quan.

173 1347 175 1352 ’
255 1328 340 1404 dam
365 1333 497 1424 raptus
522 1326 734 1423 speciemla
758 1328 979 1425 propinquis
993 1324 1197 1400 abductum
1218 1357 1334 1406 secum

139 1515 143 1522 Ι
253 1424 432 1516 habehat,
458 1420 629 1522 duosque
645 1447 792 1494 menses
817 1429 928 1496 extra
952 1419 1085 1496 urbem
1108 1427 1148 1499 in
1172 1431 1335 1502 venatio·

252 1523 363 1598 nibus
395 1521 629 1619 potissimum
661 1522 849 1620 variisque
873 1517 1047 1596 ludorum
1071 1521 1281 1618 generibus
1303 1533 1335 1598 et

255 1614 492 1695 convictibus
505 1620 658 1692 interae
671 1613 921 1714 peragebant,
947 1617 1214 1696 comitantibus
1235 1626 1336 1696 etiam

254 1715 428 1818 pluribus
451 1716 646 1813 utriusque
672 1716 815 1788 amicis.
864 1715 963 1791 Post
994 1714 1069 1788 hoc
1099 1719 1250 1816 tempus
1282 1745 1334 1794 re·
1393 1725 1394 1798 i

255 1815 392 1891 ductus
414 1815 453 1886 in
479 1810 611 1884 urbem
634 1836 730 1908 puer
754 1808 939 1913 donisque
964 1809 1012 1886 ab
1039 1817 1210 1889 amatore
1226 1815 1335 1890 dona·
1393 1801 1394 1858 i

254 1923 328 2004 tus,
352 1914 435 1985 lovi
460 1906 699 1998 sacrificium,
731 1911 859 1982 amieis
894 1909 1045 2010 epuinm
1076 1909 1207 1987 dabat.
1256 1915 1335 2013 lpse
1393 1915 1394 2002 Ῐ

253 2014 378 2091 κλεινὸς
402 2004 614 2081 dicebatur:
640 2012 786 2080 amator
811 2032 887 2080 non
914 2013 1048 2102 ἐραστὴς
1072 2017 1166 2102 crat,
1193 2010 1261 2086 sed
1286 2041 1336 2105 φι·
1393 2013 1394 2051 r

253 2111 373 2198 tq'ropr
411 2106 607 2177 contracta
636 2129 683 2178 ue
718 2100 791 2175 hoc
827 2103 941 2177 modo
975 2109 1076 2179 inter
1107 2132 1174 2181 eos
1208 2115 1337 2184 caritas
1393 2129 1394 2138 ¹

252 2228 323 2302 per
349 2226 495 2275 omnem
520 2127 654 2273 deinde
679 2203 793 2274 vitam
818 2199 956 2276 durare
986 2200 1147 2279 solebat.
1200 2211 1336 2280 Contra
1393 2213 1394 2298 j

253 2304 288 2374 si
318 2303 401 2400 quis
434 2297 582 2369 amator
641 2322 770 2372 uerum
802 2303 839 2371 in
874 2295 1044 2373 bimestri
1083 2298 1149 2374 iiio
1190 2329 1335 2378 secessu
1393 2305 1394 2313 ’

251 2401 374 2472 minus
390 2393 548 2470 honeste
563 2322 770 2490 habuisset,
793 2393 877 2468 hnic
890 2422 1016 2495 poena
1034 2396 1283 2496 irrogabatur
1295 2405 1334 2497 ⁶).
1393 2425 1394 2458 ὲ

724 2559 757 2639 r.
782 2547 869 2620 vu.

349 2677 621 2756 Adolescentes
659 2677 769 2753 simui
801 2687 913 2782 atque
953 2707 1003 2755 ex
1040 2683 1161 2784 agetis
1202 2683 1335 2759 dimissi
1393 2715 1394 2742 1

254 2784 362 2856 erant
377 2781 411 2876 ¹)
435 2778 710 2852 matrimonium
736 2803 867 2852 omnes
898 2780 1124 2856 contrahere
1157 2781 1333 2858 inbehan·
1392 2845 1394 2888 p

256 2923 451 2941 *uo-

324 2985 358 3058 2>
372 2987 417 3042 Ἐκ
432 2987 483 3044 τῶν
498 2986 589 3060 νόμων
604 2982 675 3060 ᾠδὰς
689 2988 737 3041 καί
758 3005 832 3042 τινα
854 2987 908 3055 εἴδη
930 2987 972 3056 τῆς
991 2989 1116 3060 μουσικῆς.
1155 2991 1265 3063 Ephor.
1282 2990 1299 3043 1.
1315 2989 1332 3043 Ι.

254 3061 300 3117 Gi.
321 3071 350 3114 et
371 3059 485 3114 Aeliam
503 3062 541 3112 V.
559 3061 598 3117 Η.
622 3061 667 3127 11,
688 3061 741 3128 ³9,
765 3061 815 3132 qui
838 3061 917 3132 ipsae
941 3060 1021 3131 leges
1043 3063 1109 3131 μκτά
1130 3081 1197 3122 τινος
1218 3063 1338 3136 μελῳδίας

251 3153 357 3206 pueros
377 3133 511 3186 didicisse
529 3137 635 3185 narrat.

323 3238 353 3304 a)
367 3237 476 3308 epau.
494 3236 514 3291 ι.
533 3238 552 3292 1.
579 3259 605 3312 p.
631 3237 685 3293 uo
707 3243 779 3292 oxu.
797 3237 849 3293 uu
870 3241 910 3293 u.
945 3242 992 3294 n.
1019 3199 1143 3296 uinea
1167 3241 1206 3296 u.
1232 3239 1334 3296 noun.

252 3311 298 3366 111
315 3331 343 3384 p.
360 3311 414 3365 aaa
432 3329 494 3382 sqq.
512 3311 575 3368 aaa.
615 3310 706 3366 uum
724 3312 754 3364 11
771 3330 799 3383 p.
818 3312 881 3367 mn.
1393 3281 1394 3362 i

322 3413 355 3487 d)
376 3416 421 3472 (if.
439 3417 559 3473 Maxim.
578 3417 649 3488 Tyr.
668 3418 736 3472 diss.
755 3417 871 3486 xxvl,
890 3417 907 3472 8
925 3439 954 3492 p.
972 3420 1025 3475 317
1044 3423 1145 3476 Davis-

323 3525 353 3589 b)
371 3522 478 3596 Ephor.
498 3542 543 3596 ap.
557 3517 659 3598 ‚Strcb
676 3527 708 3579 X
726 3546 754 3598 p·
771 3527 835 3580 483.
853 3526 917 3580 484.

324 3628 357 3702 6)
376 3634 421 3685 De
445 3628 490 3686 his
515 3632 647 3684 omnihus
670 3630 730 3684 vid.
755 3630 864 3703 Ephor.
888 3631 908 3685 l.
934 3633 953 3687 l.
979 3634 1125 3693 Heraclid.
1152 3656 1176 3690 c.
1196 3639 1225 3691 3.
1262 3637 1334 3687 Satis

133 3753 137 3758 .
252 3705 420 3776 frequentes
445 3712 540 3758 entem
562 3703 723 3776 impudicos
745 3703 836 3757 fuisse
860 3723 1014 3775 puerorum
1040 3727 1151 3761 amores
1170 3727 1230 3762 non
1248 3707 1332 3759 solum
1393 3725 1394 3766 3

254 3798 270 3830 e
292 3777 411 3830 Platone
430 3783 548 3847 apparet
566 3777 653 3844 [regg.
672 3777 687 3829 1
705 3795 732 3848 p.
750 3775 812 3843 636,
831 3776 882 3828 sed
902 3781 985 3829 etiam
1007 3797 1042 3830 ex
1062 3781 1096 3831 iis
1116 3782 1334 3868 ‹puaeAristote-

252 3848 296 3902 les
316 3847 379 3902 1¹01.
398 3849 436 3906 11,
449 3850 504 3914 7,4
523 3847 559 3900 de
577 3848 702 3901 instituti
719 3849 832 3901 ratione
850 3851 1019 3920 suspicatur,
1037 3853 1081 3906 ua
1098 3871 1137 3923 μη
1153 3851 1332 3906 namnum.
1393 3877 1394 3946 p

251 3922 288 3975 ln
307 3923 385 3974 univ.
404 3919 441 3974 ci.
459 3919 571 3974 floeek.
590 3938 619 3992 p.
640 3919 701 3974 115.
1393 3973 1394 4008 1

324 4024 355 4096 1)
374 4025 407 4080 Id
427 4025 534 4081 iactum
553 4028 676 4080 eoniioio
696 4031 761 4098 post
779 4025 952 4080 decennium
971 4046 1056 4100 quam
1074 4034 1184 4102 recepti
1202 4037 1296 4094 erant,
1319 4045 1332 4078 e

253 4107 387 4169 corrupto
407 4099 544 4170 Hesychii
563 4099 644 4152 locor
667 4097 778 4171 dexddpo
845 4101 871 4153 et
892 4097 956 4153 dixu
981 4101 1009 4154 tr
1024 4105 1075 4158 τοῖς
1090 4103 1218 4178 ἀνδράσιν
1233 4099 1332 4171 ἐσχηκό-

244 4186 296 4234 τες,
314 4166 363 4223 tut
380 4172 494 4243 Κρηκῶν.
531 4173 608 4225 Nam
627 4169 705 4242 qnod
724 4171 772 4220 Va
785 4170 955 4225 ekenaeriue
981 4172 1017 4225 ed
1040 4176 1175 4227 Ammon.
1194 4195 1222 4246 p.
1241 4175 1275 4227 ⁵4
1293 4171 1331 4224 ed.

252 4241 346 4311 Lugd.
365 4244 485 4296 rescribi
509 4242 574 4296 vnit
597 4244 623 4296 ot
647 4242 711 4295 δέκα
733 4241 774 4306 ἔτη
797 4242 825 4295 tv
844 4246 894 4300 wic
911 4244 936 4296 ἀ.
956 4243 1100 4310 ἠσκηκότες,
1138 4249 1249 4298 uamvis
1266 4245 1332 4296 ienis

253 4316 292 4366 eit
308 4318 442 4376 mutatio,
468 4314 599 4387 displicet
615 4322 711 4368 temen
729 4321 881 4384 propterea
898 4318 965 4386 quia
982 4319 1111 4369 virorum
1136 4321 1263 4388 egitimas
1280 4331 1333 4367 cer·

254 4394 350 4440 torum
370 4403 510 4440 annornm
530 4387 752 4440 exercitationes
775 4388 806 4440 in
829 4391 987 4456 gymnasiis
1013 4388 1102 4443 tuisse
1120 4409 1219 4463 parum
1237 4386 1332 4460 proha·
