2814 5080
60 428 68 512 ξ
235 409 270 484 i.
302 407 363 484 De
387 403 605 479 oeconomio
629 403 693 476 rea·
706 399 896 505 pellitae.
1047 410 1120 486 323

44 591 131 667 lutis
153 592 342 688 principes
367 591 478 661 erant
502 586 541 660 et
564 561 726 684 urgente
748 589 976 666 necessitate
999 615 1114 688 pecu-

42 694 130 764 niam
154 681 494 784 repraesentabant
507 683 574 778 ¹⁵),
608 707 717 782 quam
742 680 877 758 deinde
903 713 927 760 a
952 713 1115 806 spasmo·

41 790 126 879 ritis,
150 782 188 858 hi
212 788 338 857 autem
363 806 495 858 rursus
520 807 544 853 a
569 783 707 856 ceteris
730 777 888 874 civibus,
914 807 977 882 qut
1002 811 1114 886 quum

40 910 107 956 uon
137 892 264 1001 essent
293 882 448 979 proprie
476 877 739 998 symmoritae,
785 875 958 998 attriltuti
990 884 1116 956 tamen

40 976 684 1170 6616119166(ἓίιὲ16161111661136066663
698 977 1117 1152 ddrltididlldjdldlsslidlde
1143 1035 1151 1049 =

40 1200 81 1247 ne
110 1177 197 1247 otiis
222 1197 313 1245 suos
340 1194 511 1272 quaeque
536 1171 740 1269 symmoria
764 1172 970 1268 magistros
986 1173 1117 1261 (ἡγεμό-

41 1199 117 1355 aad,
140 1272 338 1344 curatores
363 1268 584 1357 (ἐπιμελητάς)
618 1265 657 1340 et
681 1267 891 1340 censitores
916 1271 1121 1360 (διαγραφετς

40 1360 558 1460 s.tmyoooat;)hal1ebat¹⁷)=
595 1365 795 1436 universae
826 1366 884 1437 rei
914 1371 1120 1464 praeerant

40 1465 207 1560 strategi,
239 1467 302 1562 qui
328 1463 441 1534 ctiam
467 1457 514 1533 de
538 1456 667 1534 litibus
693 1457 780 1532 hine
804 1467 965 1556 exortis,
1007 1461 1120 1552 veluti

41 1559 83 1634 de
106 1556 310 1634 reddendis
364 1559 506 1632 eouniis
530 1557 845 1656 repraesentatis,
884 1560 950 1631 ant
980 1561 1120 1660 siquis

40 1656 118 1756 plus
149 1681 260 1760 quam
295 1585 454 1758 delieret
485 1680 509 1728 a
541 1679 583 1728 se
608 1656 782 1727 exactum
808 1679 892 1729 esse
918 1655 1123 1731 contende·

41 1755 111 1850 ret,
147 1752 445 1829 iurisdictionem
478 1747 709 1825 exercebant
720 1751 778 1842 18).
806 1793 851 1806 -
891 1753 952 1838 lle
977 1753 1125 1853 inquili-

41 1877 169 1925 norum
195 1848 363 1940 tributis,
389 1875 463 1950 qua
486 1852 635 1923 ratione
661 1845 851 1946 descripta
875 1846 1032 1940 suerint,
1070 1855 1126 1923 ni·

42 1945 90 2022 hil
113 1953 360 2024 memoratum
385 1945 563 2046 legimus,
603 1947 677 2018 uisi
702 1969 1006 2045 eorumquoque
1032 1974 1129 2048 syru-

42 2052 179 2120 morias
205 2044 341 2136 luisse,
378 2045 417 2118 et
447 2044 596 2118 sextam
626 2048 772 2142 partem
797 2041 846 2116 alt.
870 2047 917 2116 iis
941 2042 1130 2118 contribui

43 2143 205 2240 solitam,
231 2140 332 2243 quod
355 2143 479 2244 ipsum
504 2137 616 2242 quale
641 2142 791 2217 sitnon
816 2143 911 2215 satis
937 2140 1056 2243 liquet
1068 2146 1129 2239 ι9).

46 2321 244 2342 m

43 2443 83 2508 ter
105 2438 300 2494 Parreidtium
333 2437 370 2494 el.
392 2443 422 2494 et
450 2437 565 2496 madan
593 2443 625 2496 iu
648 2441 873 2496 Zimmermanni
896 2441 999 2496 Diurn.
1024 2441 1132 2511 antiqu.

44 2529 107 2567 ann.
128 2511 202 2596 1635
220 2531 270 2567 no.
288 2509 334 2568 66.
691 2595 693 2598 Ι

113 2631 166 2708 15)
186 2635 252 2690 uos
270 2641 315 2692 aa
331 2638 512 2712 nutasse,
529 2605 695 2712 maa.
732 2635 862 2692 noeane.
881 2657 908 2710 p.
929 2637 971 2692 ro.

113 2760 168 2828 16)
193 2759 344 2816 Boeekhio
369 2780 396 2834 p·
414 2759 450 2815 68
468 2761 546 2814 οἶνοι
565 2779 664 2816 omnes
681 2773 796 2834 praeter
814 2761 908 2817 tlaetes
925 2765 955 2816 iu
974 2761 1137 2832 symmoriis

43 2831 132 2887 foisse
150 2834 307 2900 videntur,
337 2840 438 2886 eontra
462 2831 569 2886 diserta
591 2842 723 2886 veterum
748 2837 922 2887 testimonia.
961 2833 1026 2886 Vid.
1051 2831 1138 2884 modo

43 2907 101 2958 llar
122 2924 184 2960 oar.
211 2923 234 2959 ι.
258 2923 288 2960 v.
310 2905 451 2978 ονμμορία.
490 2905 551 2956 Sed
575 2923 661 2978 quum
685 2912 782 2958 temen
806 2923 905 2958 omues
931 2903 1069 2958 tributum
1089 2922 1138 2974 pe·

43 2927 180 3046 pendisse
200 2984 308 3030 eertum
326 2980 373 3040 sit,
391 2994 427 3028 ea
444 2993 529 3048 quam
547 2992 635 3048 supra
653 2979 737 3048 posui
755 2979 828 3030 ratio
847 2979 911 3030 veri
929 2975 1076 3029 simillima
1094 2977 1138 3026 vi·

45 3049 137 3104 detur.
177 3047 298 3102 Scilicet
321 3049 506 3119 symmoritae
532 3067 592 3100 rem
611 3051 687 3103 iuter
705 3066 737 3102 se
756 3049 929 3102 ordinabant
946 3049 1140 3119 pecuniasque

44 3127 118 3172 stato
138 3130 272 3194 tempore
292 3119 446 3185 euralrautt
477 3122 581 3187 ceteri,
609 3121 659 3192 qui
677 3139 737 3172 non
756 3127 838 3173 erant
855 3123 885 3172 iu
905 3121 1077 3190 symmoriia
1104 3137 1140 3171 ex

45 3190 190 3265 descripto
216 3210 234 3244 a
256 3193 431 3263 eymmoritie
454 3209 507 3262 per
533 3191 690 3265 daoypnuair
705 3191 774 3257 (vid.
794 3198 854 3244 not.
874 3192 919 3253 17)
939 3191 1142 3259 diagrammate

43 3263 1064 3404 tut¹¹⁰0t¹¹itt¹¹⁶1imit”ttffitf‘tt‘tttlmittatla?
1072 3265 1142 3387 i'i

46 3403 121 3470 uilloc,
149 3353 257 3478 inqdlt,
288 3354 493 3480 npoovdle‘pqeds
509 3407 534 3459 oi
551 3355 601 3465 dliv
617 3353 653 3463 dc
668 3407 762 3463 aeuo
777 3354 847 3460 οἶδὲ
865 3404 900 3463 eis
914 3407 1035 3470 aaaron,
1068 3424 1141 3476 quae

43 3479 133 3532 verba
160 3482 227 3551 ipsa
249 3481 318 3530 satie
343 3479 448 3530 docent
472 3495 532 3530 nou
555 3481 655 3530 omues
678 3481 710 3532 in
729 3481 892 3550 symmoriie
910 3477 1010 3532 luisse.
1046 3479 1144 3530 Habet

45 3557 139 3603 autem
161 3557 313 3624 praeterea
331 3548 377 3601 laio
395 3548 476 3602 looua
495 3548 605 3622 aliquid
623 3549 821 3605 obscur-itatius
840 3548 893 3604 sed
909 3547 965 3605 ltoo
983 3551 1145 3604 accuratius

45 3633 186 3676 excutere
207 3639 285 3674 nuuo
304 3639 362 3674 uon
382 3620 459 3676 lieet.
900 3641 904 3646 ·

117 3744 171 3812 17)
197 3745 306 3800 Pollux
324 3746 407 3813 vm,
428 3747 488 3803 103.
525 3746 665 3820 Harpoor.
682 3764 707 3800 ι.
725 3764 754 3800 v.
773 3745 935 3822 διάγραμμα
953 3753 983 3801 et
998 3745 1150 3818 lappaceis

42 3817 265 3961 {tepegeguen
291 3837 319 3890 p.
343 3819 406 3872 236.
429 3818 492 3873 241.
515 3819 578 3874 664.
613 3817 743 3875 Boeekh.
762 3818 837 3892 116.
856 3820 900 3874 69.
919 3816 953 3874 76
972 3823 1002 3872 et
1020 3819 1065 3871 51.
1085 3823 1114 3869 et
1131 3817 1147 3868 1

117 4009 170 4078 18)
196 4011 268 4065 Vid.
294 4013 395 4068 Meter.
421 4015 506 4068 Prae·
529 4017 590 4069 Ata
614 4012 721 4088 pter
748 4021 778 4070 et
801 4015 864 4070 551.
905 4014 1001 4068 Etiam
1024 4009 1148 4066 tuneo

42 4083 144 4138 locum
172 4083 263 4138 fuisse
291 4093 409 4156 apparet
433 4106 448 4139 e
472 4085 622 4140 Demosth.
643 4107 684 4144 or.
703 4091 735 4140 in
758 4086 918 4158 Phaenipp.
945 4107 973 4158 p.
999 4085 1078 4152 lost,
1100 4085 1144 4138 24.

43 4157 123 4210 Add.
147 4176 261 4226 argum.
281 4155 310 4210 h.
331 4177 373 4210 or.
393 4165 422 4211 et
438 4155 612 4213 Boeotull
630 4179 658 4231 p·
678 4160 740 4214 123.
778 4159 824 4214 Gi.
844 4159 909 4212 infr.
930 4157 958 4227 §.
977 4158 1023 4212 8⁰.

119 4259 176 4331 19)
203 4261 369 4317 Boeolrltiua
391 4265 422 4319 ll
440 4285 461 4390 p

464 4303 471 4318 .
497 4266 531 4319 77
550 4273 668 4334 censet,
692 4265 825 4319 omnibus
845 4265 880 4319 de
900 4271 982 4320 sexta
999 4273 1081 4337 parte
1098 4262 1150 4324 ¹lao-

44 4351 158 4388 norum
181 4335 423 4391 contribuendum
812 4359 815 4365 ’
925 4352 927 4359 ’

454 4339 540 4391 urnae.

860 4407 937 4480 21·
