2814 5080
264 344 298 418 7.
324 343 384 418 De
408 338 626 416 oeconomio
650 339 716 414 rea·
728 339 919 440 publicae.
1067 337 1141 412 319

66 529 111 599 cis
134 549 291 598 annuam
320 548 497 597 summam
512 517 650 596 nullom
665 545 713 598 nc
729 517 978 620 probabiliter
991 517 1142 623 quidem

65 622 203 698 deliniri
228 647 344 720 posse
369 623 545 720 apparet:
584 644 662 692 non
699 623 877 717 exiguam
907 616 1025 692 luisse
1050 621 1142 692 satis

62 717 290 792 manifestum
330 721 410 806 est,
454 740 567 815 quum
592 719 753 817 propter
775 719 981 814 litigiosum
1011 714 1144 814 populi

61 819 244 914 ingenium
270 817 655 915 commerciorumque
674 813 934 916 frequentiam,
959 814 1037 886 tum
1052 837 1143 910 pro·

59 921 198 1012 pterea,
224 911 326 1015 quod
355 910 559 1012 aliquando
586 915 698 985 etiam
723 913 914 986 sociorum
929 909 1014 984 lites
1026 908 1141 984 Athe·

59 1036 122 1084 nos
147 1016 300 1085 evocari
325 1006 561 1106 solehaut‘l).

473 1160 508 1308 5
533 1210 732 1286 nxxvu.

148 1345 333 1434 Quintum
358 1341 519 1448 denique
534 1369 659 1443 genus
676 1340 874 1434 redituum,
899 1339 1013 1446 idque
1028 1367 1143 1416 unum

57 1445 190 1518 ceteris
230 1441 402 1518 omnihus
440 1442 558 1542 longe
593 1445 731 1534 maius,
777 1445 967 1514 sociorum
999 1439 1144 1534 trihuta

58 1542 185 1634 (φόροι)
212 1543 333 1634 eraut,
372 1565 532 1642 quorum
559 1540 758 1636 originem,
789 1535 1079 1642 quoquomodo
1104 1541 1143 1610 in

57 1635 336 1711 Atheniensium
361 1639 591 1736 potestatem
617 1638 799 1727 venerint,
826 1633 900 1708 alio
928 1635 1015 1708 loco
1041 1634 1144 1710 vide·

56 1731 188 1808 bimus.
238 1739 374 1808 Annua
409 1759 539 1808 eornm
571 1757 714 1806 summa
738 1731 898 1805 Periclis
923 1733 1048 1806 aetate
1075 1735 1145 1805 cir-

58 1834 147 1904 citer
180 1833 251 1909 Dc
287 1831 440 1906 talentis
455 1834 507 1925 ¹),
545 1837 698 1930 postea,
738 1826 947 1903 Alcibiadis
983 1827 1144 1902 consilio

58 1936 179 2020 aucta,
205 1931 316 2003 MCC
351 1927 573 2027 etamplius
599 1925 857 2022 corrstahet.²),
895 1925 1017 2002 donoc
1043 1929 1146 2000 circa

58 2023 103 2144 ol.
127 2025 237 2117 XCI,
269 2030 295 2102 2
329 2025 554 2100 tributorum
588 2023 674 2098 loco
705 2028 917 2124 portorium
941 2027 1146 2122 vigesimae

56 2120 1145 2324 tuitii.ttttttztititdttttlittttt'tss:

11 2401 12 2406 ,
58 2322 159 2412 siaci,
188 2343 264 2420 quo
291 2316 406 2410 hello,
433 2322 594 2391 maxime
618 2324 709 2416 post
733 2316 878 2392 cladem
893 2314 1145 2410 Siciliensem,

57 2441 188 2490 omues
212 2419 311 2488 intra
337 2413 452 2490 breve
478 2419 622 2515 tempus
648 2418 743 2488 socii
769 2413 1006 2505 deiecerunt,
1043 2417 1146 2488 victi·
1296 2475 1305 2486 .
1335 2473 1337 2480 ,

59 2538 128 2613 que
164 2511 215 2586 ad
246 2511 532 2613 Hellespontum
566 2511 816 2587 Athenienses
849 2514 964 2586 maris
988 2514 1145 2610 imperio

57 2609 167 2708 plane
204 2607 441 2684 exciderunt.
491 2613 778 2709 Recuperarunt
803 2617 926 2683 tamen
980 2610 1146 2683 cultatim

56 2711 220 2781 veterem
246 2705 551 2800 dominationem,
576 2712 737 2781 maxime
751 2715 839 2806 post
854 2633 1039 2806 proellum
1056 2709 1147 2780 Cni-

57 2803 171 2898 dium,
196 2807 509 2907 retinueruntque
534 2831 654 2905 usque
680 2803 727 2878 ad
752 2831 883 2903 pacem
908 2802 1146 2878 Autalcidae:

56 2905 266 3003 iterumque
298 2906 472 2976 amissam
505 2929 596 2975 mox
628 2928 762 2975 rursus
795 2903 957 2998 egregia
981 2925 1146 2973 summo·

56 3025 137 3073 rum
163 3002 433 3098 imperatorum
458 2994 595 3075 virtute
613 3005 852 3099 repararunt,
877 2996 1000 3072 donec
1014 2996 1148 3072 sociali

58 3298 107 3351 tul
127 3315 190 3369 sqq.
212 3294 288 3350 Add.
311 3293 506 3368 Theophrasti
529 3295 585 3351 loo.
603 3315 648 3370 ap.
667 3297 785 3350 Stohae.
804 3295 834 3348 11
851 3313 880 3368 p.
896 3293 950 3350 391
969 3293 1073 3365 aaut,
1096 3299 1146 3368 qui

57 3367 113 3422 huo
129 3370 277 3441 pertinere
294 3367 419 3422 videtur.

126 3472 162 3546 3)
182 3475 250 3546 Lyn.
270 3476 300 3527 in
318 3474 488 3530 Nicomaeh.
506 3496 534 3549 p.
553 3475 616 3532 861.
652 3475 723 3528 Non
742 3472 883 3526 absimilia
900 3478 969 3527 suut
986 3471 1064 3546 apud
1080 3475 1148 3528 Ari·
1203 3535 1206 3540 ¹

58 3545 228 3619 stophaucm
246 3547 357 3619 Equitt.
375 3565 403 3602 v.
424 3549 502 3604 1371.
539 3547 585 3603 Gi.
605 3554 634 3601 et
651 3549 771 3600 Aristot.
790 3545 878 3603 Polit.
896 3545 936 3614 V,
954 3546 981 3610 4,
998 3549 1026 3600 3.

57 3723 90 3779 ³1
119 3652 158 3780 ἑὲ
183 3651 314 3725 Xenoph.
339 3652 376 3706 de
403 3671 426 3711 r.
451 3673 479 3724 p.
497 3653 566 3708 eth.
589 3673 614 3710 c.
638 3655 663 3724 l,
683 3655 728 3710 16.
765 3653 810 3709 cf.
827 3651 903 3708 intra
920 3654 954 3707 P.
972 3652 1019 3705 vl
1036 3669 1063 3706 o·
1081 3651 1098 3709 1
1117 3646 1144 3722 §.

92 3761 101 3792 ,
159 3763 167 3778 .

58 3901 75 3954 Ι
128 3830 352 3960 Ὴὴιιογάλ,
376 3831 421 3887 96.
438 3832 476 3901 Π,
498 3832 540 3887 13.
574 3831 722 3890 Plutarch.
740 3831 860 3891 Aristid.
883 3849 908 3886 ο.
932 3831 977 3886 24.
1012 3827 1143 3884 Boeokh.

90 3921 119 3976 p.
191 3941 200 3958 .

62 4023 65 4030 ’
129 4008 160 4076 2)
187 4010 297 4066 Andoc.
323 4012 354 4064 iu
376 4009 470 4065 Aloih.
494 4030 523 4082 p.
548 4010 608 4066 116.
631 4011 668 4066 de
715 4031 764 4066 ace
786 4031 815 4085 p.
833 4009 877 4066 93.
912 4007 1050 4065 Aeschin-
1068 4008 1104 4064 de
1121 4008 1143 4064 f.

58 4077 116 4149 leg.
136 4101 164 4153 p.
183 4084 244 4138 337.
280 4081 357 4136 Plut.
376 4085 466 4136 Arist.
485 4101 509 4136 ο.
529 4084 574 4141 24.
610 4032 738 4139 nocella.
757 4104 785 4156 p.
804 4083 865 4138 431.

131 4186 165 4256 3)
193 4189 325 4260 Thucyd.
345 4189 411 4256 vn,
430 4189 474 4242 96.
510 4189 638 4244 Bocchh.
663 4209 689 4262 p.
711 4191 773 4258 349,
801 4188 851 4244 uhi
875 4191 960 4244 etium
984 4187 1021 4243 da
1038 4185 1142 4242 horum

59 4258 289 4346 redemptoribus
308 4259 502 4332 (emaque
525 4261 609 4318 etde
630 4265 759 4335 portorio
777 4260 915 4316 decumae
933 4260 1010 4335 apud
1026 4261 1142 4333 Byzan·

63 4337 137 4383 trum
157 4342 258 4386 exacto
278 4336 439 4405 exponitur.
