2806 5080
268 319 341 396 176
471 319 512 395 V.
535 319 595 394 De
619 317 840 420 republica
864 317 1160 396 Atheniensium.

265 507 330 578 tur
354 497 457 575 nullo
484 499 659 575 classium
686 502 752 573 aut
777 498 949 574 ordinum
976 499 1209 594 discrimine,
1240 501 1343 575 modo
1396 537 1397 550 1

266 602 505 674 nominares
538 601 844 696 anuis'triginta.
896 603 955 671 lie
990 596 1104 672 caede
1142 606 1261 672 tamen
1292 605 1342 673 iu·
1396 647 1397 690 p

265 696 362 771 dicia
388 695 569 796 pleraque
595 719 616 768 e
642 696 830 792 Draconis
856 698 1029 768 instituto
1055 695 1214 794 Ephelis
1239 697 1343 768 reliu·
1396 695 1397 778 ἦ

266 791 550 896 quehautur¹¹),
586 817 637 866 ex
662 792 859 866 nobilitate
884 797 1058 890 sumptis:
1091 820 1203 866 uuum
1230 820 1343 892 genus
1396 791 1397 868 l

263 899 417 984 φονικῶν,
444 887 490 962 de
517 916 592 990 quo
606 893 644 961 iu
660 892 865 990 Areopago
881 888 1117 962 iudicandum
1133 898 1228 983 erat,
1253 917 1343 963 noro
1396 871 1397 944 l

264 987 409 1061 cuidam
443 983 607 1085 collegio
639 989 955 1085 Areopagitarum
994 985 1171 1060 traditum
1186 988 1250 1079 ¹²),
1290 991 1344 1061 rui

263 1083 427 1182 collegio
453 1081 777 1173 adscribebantur,
803 1089 866 1184 qui
891 1081 1110 1157 archontum
1127 1082 1344 1158 ol'liciocum
1396 1083 1397 1168 l

262 1180 374 1255 laude
399 1180 586 1280 perfuncti
612 1183 814 1278 esseut¹³).
863 1181 1001 1254 lisdem
1032 1187 1138 1281 quasi
1170 1182 1343 1281 quaedam
1396 1179 1397 1220 ³

262 1281 381 1352 totius
407 1275 658 1375 reipublicae
684 1277 859 1350 custodia
882 1281 1065 1351 iniuncta:
1092 1286 1133 1351 ut
1154 1283 1344 1376 magistra·
1396 1311 1397 1318 ¹

262 1377 367 1448 tuum
392 1379 478 1448 acta
503 1377 744 1473 inspicerent,
771 1382 809 1448 et
833 1378 865 1448 si
891 1377 978 1475 quid
1006 1377 1139 1448 contra
1166 1376 1270 1472 leges
1284 1383 1344 1448 aut

260 1470 402 1546 bonum
427 1467 615 1570 publicum
643 1478 835 1570 ageretur,
859 1471 1061 1566 mouendo,
1086 1473 1261 1562 relando,
1285 1472 1344 1546 de
1396 1475 1397 1506 ¹

263 1567 478 1643 nuncianda
504 1573 801 1643 intercederent:
835 1573 998 1670 itemque
1030 1574 1260 1668 privatorum
1293 1573 1343 1644 vi·
1396 1569 1397 1614 l

262 1669 326 1740 lae
350 1691 494 1739 morum
523 1693 570 1739 ua
596 1672 634 1740 et
665 1666 884 1764 discipliuae
916 1664 1089 1766 publicae
1122 1675 1250 1740 curam
1279 1693 1343 1764 ge·
1395 1671 1397 1712 ³

260 1773 389 1837 rerent
404 1763 464 1862 ¹⁴).
497 1691 673 1838 deserum
688 1790 796 1836 nemo
812 1790 931 1865 neque
947 1769 1206 1860 magistratus,
1227 1790 1342 1864 neque
1395 1767 1397 1811 l

261 1870 428 1954 senator,
454 1887 502 1934 ne
530 1887 575 1934 ue
600 1864 728 1954 iudex,
754 1887 823 1936 uec
849 1866 912 1964 qui
950 1865 1109 1935 comitiis
1128 1863 1342 1952 interesset,
1396 1865 1397 1904 l

259 1956 470 2032 merredem
496 1886 542 2030 de
573 1959 725 2058 publico
757 1958 965 2060 accipiebat
979 1962 1051 2050 ¹⁵),
1078 1959 1173 2058 quae
1206 1987 1268 2032 res
1299 1985 1341 2032 eo
1395 1965 1397 2006 l

258 2053 394 2148 valuit,
426 2065 467 2128 ut
495 2053 687 2159 plerisque
721 2057 851 2132 horum
886 2060 1047 2129 munium
1077 2055 1341 2154 locupletiores

258 2155 402 2226 tautum
433 2158 630 2246 vacarent,
660 2155 894 2229 tenuioribus
930 2157 1053 2226 autem
1094 2163 1254 2252 propter
1291 2155 1342 2226 rei
1396 2160 1397 2202 ³

259 2247 488 2324 domesticae
528 2276 654 2326 curam
688 2258 812 2327 rarius
847 2249 1150 2350 rempublicam
1180 2256 1341 2326 tractare
1396 2258 1397 2299 ³

259 2343 402 2420 liceret.

740 2513 775 2611 1.
801 2513 870 2589 rx.
1395 2454 1397 2593 }

339 2611 414 2722 vlta
438 2649 627 2747 sapienter
652 2648 861 2744 temperata
893 2671 935 2722 re
967 2640 1139 2743 publica,
1172 2671 1245 2718 uec
1276 2648 1338 2717 im·
1394 2657 1397 2678 ‘¹

257 2748 398 2820 minuta
422 2751 530 2819 nimis
555 2748 787 2844 optimatium
811 2746 1013 2843 potestate,
1040 2750 1078 2816 et
1100 2740 1213 2843 plebe
1236 2749 1273 2816 iu
1297 2741 1338 2816 li·

254 2987 338 3058 hiue,
351 2973 523 3044 concludere
551 2988 660 3044 iudicia
688 2985 844 3066 ¹halieutica
872 2985 1072 3040 tautummodo
1100 2988 1336 3058 provocationem
1396 3035 1397 3042 ,

256 3080 342 3115 eausa
360 3064 494 3116 instituta
513 3081 585 3119 aare.
1396 3067 1397 3076 ’

325 3167 373 3238 11)
393 3168 469 3223 Plut.
490 3168 593 3222 Solon.
612 3187 638 3222 e.
658 3167 700 3224 11.
720 3165 1050 3226 Aelian.v.11.vn1‚
1069 3167 1112 3220 1⁰.

328 3275 377 3339 12)
396 3275 504 3329 Pollux
521 3277 605 3340 vni,
625 3277 684 3328 las.
713 3275 832 3328 Novum
852 3273 1004 3343 collegium
1023 3276 1261 3344 Areopagitarum
1281 3272 1335 3324 dixi

255 3347 322 3418 qula
341 3365 358 3398 a
376 3356 475 3400 vetere
492 3347 545 3400 illo
565 3347 776 3418 cupatridarruu
801 3355 918 3412 senatu,
938 3349 985 3417 qui
1006 3355 1034 3398 et
1052 3349 1113 3416 ipse
1133 3346 1168 3398 ab
1186 3348 1334 3416 Areopago
1396 3359 1397 3374 ¹

254 3436 359 3470 nomeu
384 3417 492 3481 hahuit,
518 3419 602 3490 plane
621 3417 855 3486 diversantur,
879 3417 1036 3488 siquidem
1057 3419 1206 3489 utriusque
1225 3433 1334 3487 compo·
1396 3445 1397 3488 3

252 3491 384 3544 altionem
410 3499 579 3562 spectemus.
617 3491 698 3544 Alias
722 3509 780 3542 nou
804 3493 844 3542 ita
869 3488 1007 3541 dissimile
1032 3489 1100 3549 faia,
1126 3499 1159 3540 ut
1183 3507 1242 3540 uon
1260 3493 1334 3540 recte

252 3560 345 3614 Solon
368 3559 404 3616 ala
429 3561 587 3615 Aristotele
612 3561 698 3616 Polit.
713 3563 751 3628 Il,
770 3563 797 3627 9,
815 3565 833 3615 ‘t
850 3571 981 3614 senatum
1000 3561 1235 3630 Areopagiticum
1254 3576 1332 3632 quem

252 3634 397 3686 invenerit
414 3652 546 3686 servasse
565 3633 621 3686 dici
639 3635 772 3706 potuerit
810 3632 870 3686 Sed
889 3641 1006 3704 apparet
1025 3632 1110 3683 facile
1129 3631 1191 3684 lieri
1211 3633 1332 3704 potuisse

251 3711 285 3757 ut
311 3705 393 3758 multi
425 3709 608 3777 Areopagum
640 3725 657 3758 a
682 3703 792 3758 Solone
822 3705 933 3758 demum
965 3706 1124 3756 institutum
1151 3705 1333 3756 autumarent.
1396 3703 1397 3748 l

251 3774 298 3830 (if.
317 3778 403 3832 Proo.
421 3779 482 3832 Att.
499 3797 527 3850 p,
548 3778 581 3832 16
599 3796 641 3850 aq.
659 3785 689 3832 et
706 3773 836 3829 Boeclrh.
856 3777 891 3830 de
903 3773 1078 3830 Philochoro
1096 3795 1125 3846 p.
1145 3777 1190 3829 lt.

323 3879 372 3953 13)
399 3883 477 3939 Plut.
505 3882 607 3938 Solon.
635 3902 659 3937 o.
689 3881 724 3937 19
752 3888 782 3935 et
807 3880 855 3936 all.
880 3900 924 3953 ap.
949 3881 1059 3933 Maura.
1086 3881 1122 3934 de
1140 3885 1246 3953 Areop.
1266 3898 1290 3932 a.
1306 3876 1331 3930 ὅ.

249 3953 489 4081 ὢᾞῑίυἰείεῑὲι·
512 3958 702 4028 Areopagitae
726 3972 841 4028 quoque
860 3953 1058 4046 tautummodo
1078 3972 1093 4006 a
1111 3954 1331 4054 pentacosiorua·
1396 3967 1397 4052 1

320 4127 370 4201 11)
388 4131 545 4187 Vim-inlr.
563 4152 588 4186 a.
606 4135 632 4190 7.
650 4130 675 4206 §.
695 4134 739 4190 tt

318 4239 365 4302 15)
384 4241 573 4294 comitiorum
598 4246 627 4294 et
645 4241 816 4294 iudiciorum
830 4205 982 4294 'mercedes
1001 4239 1089 4309 longo
1109 4246 1176 4363 post
1195 4235 1331 4290 Solonem

246 4312 375 4383 tempore
391 4312 537 4366 institutas
555 4329 619 4366 erae
638 4319 764 4368 conatata
782 4312 858 4366 idem
878 4313 914 4366 de
933 4315 1036 4366 ceteris
1055 4331 1107 4384 pro
1130 4310 1206 4364 abile
1225 4318 1278 4362 eat·
