2838 5080
253 339 275 445 ‚⁸
340 357 378 426 tt·
401 347 465 424 De
489 347 576 424 cirre
600 348 852 425 oolomhrom.
1075 356 1149 454 423
1197 407 1199 412 .

59 526 213 605 coloniis
246 527 386 619 similes
425 535 547 620 erent,
581 555 678 630 quae
709 525 1153 631 utppomtmdicuntufl),

57 653 163 726 quum
204 629 242 700 in
280 653 378 727 agro
418 636 483 702 aut
513 624 698 704 ¹hostibus
740 629 926 729 er·epto²)
966 637 1032 706 aut
1071 633 1163 709 alia‘

56 747 280 894 quacunp'ne‘
297 730 444 799 ratione
472 731 583 798 extra
610 727 897 822 propriostincs
917 735 1032 823 parto
1059 758 1142 805 sor-

53 829 106 896 tes
132 825 203 894 ciri
231 849 276 896 us
302 818 642 911 distribuebantur,
669 828 732 923 qui
748 821 955 898 licetsuam
982 825 1036 900 ibi
1062 854 1140 902 rem

52 915 247 1015 publicam,
273 921 710 1020 suosqnemagistratus
737 917 933 1010 baberent,
972 949 1048 998 nou
1074 925 1139 999 lie-

49 1023 127 1087 rent
155 1019 280 1090 tamen
305 1023 511 1118 propterea
535 1020 675 1089 veteris
689 1020 838 1114 patriae
864 1023 1054 1117 expertes,
1073 1022 1138 1095 sed

46 1114 188 1210 pariter
215 1113 323 1188 huius
349 1125 463 1216 atque
490 1111 662 1186 coloniae
684 1117 789 1187 ciros
823 1117 1009 1207 essent3),
1043 1117 1137 1216 legi-

45 1211 115 1282 bus
154 1214 236 1284 eius
271 1211 443 1286 omnibns
475 1212 711 1310 tenerentur,
745 1217 870 1284 nruuia
908 1213 1031 1304 civilia
1064 1241 1136 1314 pro

45 1307 136 1380 ririli
168 1316 280 1408 parte
314 1305 527 1402 obirentl),
552 1310 723 1407 iuraque,
754 1313 932 1407 quantum
959 1308 1136 1386 absentes

43 1412 222 1502 possent,
259 1407 501 1505 usurparent.
563 1405 762 1478 hit-erant
793 1426 942 1506 quoque
977 1414 1042 1508 qui
1073 1435 1134 1481 ac-

30 1507 150 1601 cepta
175 1509 276 1578 inter
309 1502 506 1577 cleruobos
540 1517 645 1582 sorte
679 1501 780 1574 domi
813 1512 936 1575 tamen
964 1529 1133 1578 remane-

41 1603 122 1673 rent
148 1602 328 1702 illamque
354 1601 412 1676 vel
438 1626 507 1698 per
519 1609 790 1696 procuratores
812 1599 1133 1694 administrarent,

40 1698 95 1770 vel
122 1697 209 1774 eliis
235 1697 431 1772 fruendam
447 1695 650 1790 elocarent,
677 1701 878 1784 autetiam
906 1696 1134 1772 domicilium

39 1796 108 1890 ipsi
140 1823 245 1870 nunc
277 1801 315 1868 iu
346 1797 470 1893 patria
498 1789 609 1866 ‘nuuc
647 1797 685 1864 in
720 1793 909 1866 cleruchie
936 1793 1131 1868 haberent.

38 1892 233 1968 Plurimae
250 1889 463 1966 huiusmodi
485 1887 991 1964 cleruchineAtlrenicnsium
1013 1898 1132 1982 erant,

36 1992 219 2091 imprimis
246 1990 369 2062 donec
393 1989 507 2060 maris
532 1989 692 2084 imperio
718 1985 966 2084 potiebantur
980 1991 1032 2081 ⁵);
1064 1989 1129 2061 sed

100 2266 132 2338 Ι)
151 2271 201 2324 no
221 2267 268 2322 bis
286 2265 345 2321 vid.
363 2271 430 2320 ante
449 2283 549 2318 omnes
567 2263 697 2322 Boeelrb.
718 2283 778 2320 oec.
804 2287 828 2318 r.
852 2277 879 2332 p,
897 2267 935 2319 A,
954 2269 970 2320 1
986 2279 1016 2331 p,
1034 2267 1128 2320 460...

31 2342 90 2399 465.
107 2347 199 2414 Gorp·
220 2342 313 2396 lusor.
332 2339 346 2392 1
366 2352 392 2406 Ρ.
411 2339 471 2392 150.
492 2337 539 2392 Cf.
558 2345 587 2389 et
606 2333 812 2392 Weehsmuth.
831 2339 854 2405 I,
874 2339 891 2390 2
910 2350 937 2402 Ρ.
955 2339 1074 2392 36-43.
1129 2362 1131 2370 ⁴

96 2467 125 2535 2)
145 2467 271 2522 Der-icti
288 2463 386 2518 hostes
404 2468 454 2517 eut
472 2459 699 2534 expellebantur,
723 2467 756 2515 nt
778 2463 964 2520 Potidamao
989 2468 1018 2515 et
1039 2464 1128 2532 Aegt.

29 2547 111 2598 netee
131 2539 169 2593 ab
189 2536 422 2594 Atheniensibus
441 2531 584 2604 (Thucyd.
611 2535 648 2600 11,
672 2535 716 2587 27.
738 2535 862 2588 Diodor.
890 2537 961 2601 ΧΙΙ,
984 2531 1055 2600 44.),
1078 2541 1128 2587 eut

29 2617 102 2666 'servi
121 2611 320 2676 fiebant‚'ut
344 2605 473 2676 Dolopes
499 2603 666 2673 et‘Petasgi
689 2607 720 2658 in
744 2607 854 2678 Scyro,
877 2607 1001 2667 Lemno,
1028 2605 1126 2657 Imbro

29 2679 424 2758 (¹1'hucyd.1,tlB.Diodor.
445 2679 498 2742 Xl,
517 2678 559 2730 60.
579 2679 667 2729 Corn.
685 2677 761 2748 Nep.
781 2682 892 2732 (limen.
913 2698 937 2732 o.
956 2676 1009 2746 2),
1028 2685 1077 2728 eut
1096 2681 1126 2729 in

29 2759 173 2832 quandum
193 2751 396 2808 eleruchorum
415 2747 578 2802 clientelam
598 2748 705 2800 detrusi
725 2767 809 2816 egros
828 2759 1015 2820 patronorum
1042 2748 1121 2802 cole·

28 2833 98 2886 bant
122 2844 299 2898 annuosque
321 2823 356 2875 iis
380 2821 534 2892 pensiones
563 2818 781 2888 persolvebant,
811 2815 843 2872 ut
867 2819 963 2876 Lesbii
986 2827 1053 2892 pout
1076 2819 1124 2871 de.

28 2905 188 2957 lectionem
210 2899 248 2950 ab
267 2892 494 2948 Atheniensibus
512 2889 624 2942 subacti
643 2888 788 2962 (Thucyd.
808 2893 859 2958 ΙΙΙ,
879 2887 947 2959 hit),
971 2893 1124 2944 autetiam

28 2978 154 3028 fortasse
174 2981 261 3044 parte
280 2983 411 3036 agrorum
431 2965 500 3035 ipsis
523 2961 623 3014 relicte
647 2965 733 3016 unius
758 2981 820 3018 cunr
847 2962 988 3016 eleruchis
1012 2965 1054 3014 rei
1073 2979 1125 3033 pu·

26 3050 131 3110 blicae,
151 3045 207 3100 sed
229 3041 372 3099 deteriore
388 3039 461 3102 iure,
480 3036 633 3106 participes
650 3032 766 3102 fiebant,
785 3034 814 3090 id
834 3035 911 3106 quud
933 3033 1070 3092 Euboeae
1088 3033 1124 3084 ah

26 3115 263 3176 Atheniensibus
282 3111 386 3164 iactum
407 3106 583 3160 crediderim.
623 3105 756 3159 Ceterum
782 3106 901 3161 clientes
925 3106 1001 3170 illos,
1024 3104 1124 3178 quales

26 3192 125 3246 Lesbii
145 3190 222 3242 iacti
241 3190 317 3249 sunt,
334 3179 444 3238 πελάτας
466 3177 624 3250 appellatos
649 3195 712 3229 esse
735 3197 869 3247 perquam
894 3175 1042 3254 probabile
1072 3184 1123 3232 est.

25 3267 101 3318 Plot.
122 3256 295 3329 Euthyphr.
316 3266 344 3318 P·
363 3255 425 3308 40.
444 3251 490 3308 Gi.
507 3248 649 3304 Athenae.
666 3251 707 3312 Χ,
725 3249 761 3308 60
779 3261 806 3314 p,
831 3250 901 3304 4432
937 3248 1123 3322 amm„
1190 3267 1193 3273 .
1232 3283 1235 3292 ,

25 3337 109 3410 ὥσπερ
128 3333 252 3389 εἱλώτων.

93 3444 127 3512 3)
149 3443 316 3510 Propterea
333 3430 419 3485 modo
438 3449 455 3482 e
472 3435 571 3483 vetere
588 3431 681 3500 petria
705 3427 791 3482 modo
818 3446 836 3480 a
860 3427 1004 3490 eleruchis
1021 3425 1116 3499 appel-

24 3518 85 3584 lati,
105 3515 197 3567 velut
217 3507 411 3564 Athenienses
429 3503 571 3573 iidemque
585 3501 790 3554 Chalcidenses
810 3504 1035 3568 autAcgineteo.
1054 3496 1124 3584 vid.

23 3587 157 3644 Boeckh.
180 3597 212 3650 p.
232 3581 294 3634 tun.
348 3577 424 3627 ilino
451 3574 593 3646 explicavi
615 3576 710 3626 veriae
735 3573 770 3624 de
794 3573 868 3624 lsaei
894 3575 1015 3624 oratoris
1033 3577 1126 3642 patris

24 3663 230 3721 narrationes,
249 3647 338 3719 praei·
357 3648 391 3698 od
411 3647 475 3698 Isae
496 3659 523 3709 p.
539 3647 578 3710 V,
604 3647 649 3696 cui
675 3643 857 3714 explicationi
884 3641 1124 3714 quoe-Liebmsn-

21 3754 77 3788 nus
99 3731 218 3784 obiecit
242 3723 366 3776 relutata
384 3726 452 3771 suut
475 3736 492 3768 a
515 3718 625 3769 Meiere
644 3716 796 3786 prcmer.
831 3715 897 3767 Hal.
918 3713 1053 3768 1836110.
1075 3713 1132 3765 1³1*

38 3848 45 3862 .
102 3807 132 3858 2.

16 3823 34 3874 P
64 3809 134 4052 334}
156 3910 209 4032 [gg
229 3897 400 4027 ξέἷρουχικῶν
417 3917 461 3968 ap.
474 3894 666 3948 Athenienses
684 3896 862 3948 immunitate
881 3891 941 3944 vid.
956 3909 1031 3962 supr.
1049 3891 1083 3941 P.
1095 3888 1125 3937 V

21 4008 45 4040 ⁰·
95 4086 131 4153 5)
153 4015 223 4138 nal
242 4077 406 4151 percensuit
423 4074 551 4128 Boeclrb.
570 4087 599 4139 p.
619 4074 769 4130 ten-46⁰.
807 4069 851 4125 cf.
876 4065 1080 4124 Waohsmuth.
1099 4077 1124 4129 p.

19 4161 145 4218 36-39.
