2822 5082
282 399 353 473 luo
481 371 521 472 V.
545 397 604 470 De
629 416 674 466 rc
694 390 853 496 publico
878 391 1178 468 attentendum.

286 577 570 755 dilituit
594 571 925 772 titi'lltltz
956 573 1353 774 ..tttttitdid‘t

287 776 393 868 liliis,
431 773 517 846 dein
557 797 607 846 ex
637 769 790 845 filiabus
821 774 1029 871 procreati:
1071 771 1107 843 bi
1141 776 1173 844 si
1206 797 1277 843 uon
1305 796 1353 843 es·

288 880 391 966 sent,
426 868 680 944 succedebant
712 866 952 943 collaterales
977 893 1000 942 a
1026 870 1148 968 patre,
1175 868 1208 948 b.
1235 894 1266 940 c.
1290 865 1354 939 lra·

289 981 367 1046 tres
396 971 569 1070 germani
601 991 807 1067 eorumque
838 963 966 1039 liberi:
995 971 1085 1065 post
1118 965 1187 1038 bos
1219 989 1356 1038 sorores

288 1092 492 1168 germanae
531 1063 735 1164 harumque
775 1067 862 1136 item
898 1059 1020 1138 liberi.
1081 1065 1130 1136 lli
1164 1064 1356 1164 quoquest

289 1164 379 1240 rrulli
406 1169 545 1255 essent,
570 1159 829 1262 sequebantur
853 1158 1047 1260 patrueles
1073 1163 1112 1235 et
1136 1163 1276 1262 amitini
1305 1183 1358 1231 eo·

289 1287 445 1363 rumque
472 1259 580 1378 tiber-i
610 1263 640 1350 )‚
666 1257 732 1380 ped
758 1261 813 1330 ita
837 1267 879 1330 ut
895 1252 1357 1428 bisillippaeferreppturt).

288 1363 1060 1554 li'tit'ttttttisdt.titii
1078 1381 1211 1526 'milla
1246 1380 1360 1524 till

292 1561 354 1628 cto
380 1554 533 1649 cognati
560 1552 704 1642 essent,
733 1553 855 1648 primo
890 1547 1030 1622 tratres
1061 1553 1198 1624 uterini
1232 1575 1361 1623 eorum·

292 1679 365 1754 que
393 1648 512 1737 liberi,
537 1669 582 1720 ac
609 1645 788 1746 deinceps
813 1645 947 1747 reliqui
973 1645 1104 1722 eodem
1131 1645 1247 1720 inodo
1267 1649 1362 1816 elipe

292 1748 438 1836 ordine,
465 1771 540 1845 quo
567 1747 722 1844 cognati
748 1771 770 1816 a
795 1751 916 1843 patre.
976 1743 1126 1832 Quodsi
1160 1771 1209 1818 nc
1242 1770 1290 1818 ex
1328 1747 1363 1815 ris

292 1843 440 1947 quidem
466 1845 549 1943 quis
576 1868 659 1915 uam
685 1850 914 1940 superesset,
940 1839 1204 1915 revertebatur
1231 1868 1363 1915 succes·

291 1947 409 2019 sionis
433 1945 492 2012 ius
519 1868 571 2013 ad
591 1947 787 2039 paternam
814 1936 979 2012 del'uncti
1011 1943 1299 2038 cognationem,
1327 1963 1364 2010 ex

293 2067 367 2143 qua
391 2039 614 2138 utquisque
638 2063 783 2137 genere
815 2041 974 2136 propior
1005 2039 1126 2122 esset,
1158 2039 1215 2109 ita
1247 2038 1365 2110 ceteris

294 2135 592 2212 anteferebatur.
654 2137 906 2208 coniunctum
942 2160 1024 2207 cum
1057 2133 1269 2208 hereditate
1298 2135 1365 2207 erat

293 2235 436 2309 funeris
462 2229 693 2330 procurandi
719 2230 883 2304 ollicium
897 2235 950 2323 ⁵),
976 2257 1087 2324 sacra
1111 2237 1238 2306 autem
1270 2257 1366 2333 pecu·

293 2336 390 2404 niam
416 2355 490 2400 nou
517 2324 792 2429 sequebantur,
824 2332 895 2402 nisi
928 2332 960 2401 si
993 2332 1077 2429 quis
1108 2355 1178 2428 per
1206 2329 1366 2428 adoptio·
1395 2393 1396 2404 ,

294 2447 377 2501 nem
404 2429 514 2500 etiam
539 2427 577 2497 in
604 2424 754 2499 domum
780 2425 944 2500 destructi
964 2427 1179 2500 transiisset
1194 2429 1246 2520 ⁶):
1272 2430 1368 2526 atque

296 2523 387 2598 baec
412 2526 638 2624 ipsa¹causa
660 2522 962 2623 praecipual’uit,
988 2549 1063 2626 quo
1080 2521 1300 2623 religiosius
1313 2545 1368 2622 per

294 2704 492 2716 ”un—⁶¹·-

362 2797 393 2870 1)
413 2801 519 2872 Legem
539 2806 646 2872 ipuam,
671 2809 722 2856 aut
745 2800 856 2874 aliquot
878 2802 951 2872 legis
975 2806 1071 2929 capita
1087 2803 1145 2858 vid.
1166 2821 1214 2876 ap.
1234 2798 1369 2858 bennui.
1394 2765 1395 2852 l

292 2874 323 2926 in
341 2874 462 2927 Macart.
484 2888 511 2939 Ρ.
534 2875 601 2928 1067
621 2875 661 2927 in.
682 2874 727 2929 Cl'.
749 2875 819 2928 tuae.
838 2875 875 2928 de
894 2878 988 2945 liugn.

291 2962 357 2997 men
381 2946 522 2998 nrrnuulla
547 2946 583 2998 de
608 2943 744 2998 ber-edum
770 2947 907 3014 gradibus
933 2957 961 3001 et
984 2951 1047 3000 iure
1071 2947 1226 3001 admodum
1253 2948 1369 3003 obscura,
1394 2941 1395 3003 l

291 3033 346 3069 neo
369 3020 465 3070 oruuia
489 3018 554 3086 lega
578 3021 634 3069 ista
658 3015 948 3088 comprehenduntur.
990 3019 1051 3074 Sed
1082 3021 1118 3074 de
1145 3018 1191 3074 bia
1223 3019 1370 3074 accuratim

292 3107 430 3160 quaerere
449 3108 508 3140 non
528 3097 571 3142 est
590 3087 674 3142 buius
692 3089 759 3142 loci.

1029 2895 1068 2930 er·
1089 2875 1116 2946 §.
1136 2877 1161 2930 l·
1180 2882 1208 2930 2.
1248 2879 1322 2928 Sunt
1338 2883 1371 2924 ta·
1394 2879 1395 2926 l

363 3191 395 3263 2)
417 3197 459 3247 lta
477 3197 604 3248 Bousen.
624 3215 649 3268 p·
672 3196 714 3249 17.
753 3196 812 3248 Sed
831 3215 877 3250 res
896 3197 992 3251 dubia.
1010 3198 1079 3253 Vid.
1098 3198 1252 3263 Klenziua,
1272 3197 1372 3251 diaco·

293 3275 399 3332 gnaten
426 3285 453 3320 u.
474 3268 607 3332 Atticen,
633 3269 663 3320 in
686 3265 857 3322 Zeitncbrilt
879 3269 899 3323 l'.
919 3269 1087 3340 geschichtt.
1107 3264 1371 3324 Recbtswiucmcb.
1393 3295 1394 3330 i

293 3346 360 3389 tom.
380 3339 469 3408 v1p.
489 3341 550 3392 ln.
574 3341 630 3392 iao.
651 3366 685 3378 -·
718 3339 807 3404 Quod
832 3343 960 3396 Buncen.
983 3361 1012 3415 p·
1031 3343 1065 3396 21
1091 3361 1133 3414 eq.
1154 3346 1242 3396 etiam
1262 3341 1370 3415 parenti·
1393 3339 1394 3422 l

291 3406 345 3534 31¹:ss
365 3406 552 3464 hereditatem
580 3409 695 3480 tribuit,
720 3422 799 3465 recte
822 3413 978 3468 refutatum
1001 3415 1117 3468 videtur
1141 3433 1159 3466 a
1183 3415 1295 3468 Gannio
1320 3413 1371 3481 lp
1393 3427 1394 3491 i

364 3500 425 3552 Β(1(1·

365 3582 398 3656 3)
418 3587 528 3656 Ἀνεψιοὶ
539 3596 567 3640 et
578 3588 747 3658 ἀνεψιαδοῖ..
760 3589 876 3660 ἀνεψιῶν
886 3590 984 3657 παῖδες,
995 3591 1030 3646 de
1037 3611 1157 3664 qnorum
1172 3596 1321 3646 nominum
1329 3607 1364 3642 an

290 3657 430 3728 biguitatc
449 3669 478 3711 ct
496 3663 641 3731 quomodo
659 3665 690 3714 in
709 3662 774 3730 lega
793 3664 959 3736 accipienda
976 3667 1035 3718 sint
1053 3665 1111 3717 vid.
1132 3665 1168 3718 ad
1185 3667 1261 3718 Isae.
1282 3685 1308 3738 p.
1328 3661 1370 3714 45⁵

290 3750 330 3803 eq.
368 3731 427 3782 sed
448 3734 531 3783 etiarn
553 3739 671 3802 patruoa
690 3751 871 3808 nequaquam
891 3735 1024 3790 exclusos
1043 3735 1133 3790 fuisse
1152 3742 1233 3809 patet
1253 3755 1289 3790 ex
1307 3735 1368 3787 rue.

291 3802 326 3854 dc
345 3802 496 3873 Cleonym.
514 3803 573 3856 bcr.
595 3801 621 3872 ς.
640 3805 684 3858 45.

364 3905 530 3983 11Κρατεῖν
555 3911 582 3964 δὲ
606 3908 660 3969 mdc
685 3909 795 3987 ὅῤῥενας
817 3913 863 3968 καὶ
878 3912 934 3973 rods
948 3917 976 3970 lx
992 3913 1044 3970 coir
1060 3912 1178 3989 ἀρῤένων
1194 3917 1224 3970 ot
1237 3915 1275 3970 «ir
1290 3916 1317 3967 la
1332 3910 1393 3981 nir]

289 3979 372 4032 αὐτῶν
389 3973 444 4043 ὦσι,
465 3982 512 4034 καὶ
529 3979 578 4035 ἐὰν
595 3990 664 4054 γένει
681 3986 819 4059 dnortpo:
844 4006 918 4060 quae
941 3986 1085 4060 explicare
1109 3996 1232 4042 conatus
1258 4002 1321 4042 uum
1343 3979 1371 4035 tt

290 4052 360 4103 leae.
380 4071 407 4122 p·
426 4053 478 4106 365
497 4073 539 4125 eq.
578 4055 621 4108 cf.
640 4065 669 4108 ct
688 4059 814 4111 Buueen·
834 4079 861 4130 p.
881 4060 916 4114 29
935 4079 978 4132 sq.

357 4156 387 4221 b)
408 4158 452 4211 Cf.
474 4159 509 4211 ad
531 4161 602 4214 lirae.
622 4182 649 4233 p.
668 4163 731 4216 389.

356 4257 388 4330 ⁶)
407 4265 481 4316 1⁸⁸0·
509 4265 544 4318 do
568 4269 704 4339 Apollod.
730 4269 789 4323 ber.
813 4266 839 4340 ᾗ.
859 4273 904 4327 30.
930 4272 966 4324 do
988 4272 1113 4328 Maneat.
1140 4272 1202 4327 ber.
1225 4269 1252 4338 l.
1271 4270 1315 4326 46.
1342 4265 1373 4319 tl·

295 4332 406 4404 letypb.
425 4333 487 4387 ber.
508 4331 533 4406 §.
554 4340 579 4392 7.
