2840 5084
1 1543 2 1546 ¹
87 1507 307 1608 planissime
331 1509 611 1680 proponendis,
644 1513 745 1613 quod
779 1513 1042 1610 argumentum
1067 1535 1179 1680 quam

513 365 770 440 Prooemium.
939 365 942 372 ’
1162 373 1188 448 3

97 543 255 620 alterum
280 569 418 643 genus,
442 541 672 620 uberrimum
695 545 786 622 illud
812 547 1003 652 longeque
1034 555 1185 652 gravis·

94 646 241 735 simum,
267 669 336 716 eae
362 639 435 716 sibi
460 641 679 742 disciplinae
704 645 906 742 vindicant,
932 674 1028 750 quac
1042 655 1080 723 in
1096 649 1184 724 reli·

92 742 294 838 gionibus,
312 737 572 839 philosophia,
591 740 727 816 litteris
740 741 960 848 artibusque
972 745 1184 846 elegantio-

94 833 201 909 ribus
212 835 493 934 cognoscendis
506 842 726 914 versanturt
751 845 874 916 restat
884 845 1003 941 igitur
1018 848 1183 942 tertium,

92 931 193 1034 quod
219 931 506 1034 antiquitatibus
531 932 798 1014 demandamus
822 940 1070 1022 tractandum.
1182 953 1184 958 '

188 1214 419 1292 versabitur
439 1243 536 1318 ergo
555 1103 820 1321 ahtillbitatum
834 1215 1045 1318 disciplina,
1071 1244 1182 1319 quam

89 1311 241 1414 quidem
267 1341 339 1388 nos
363 1313 603 1414 profitemur,
635 1321 673 1391 in
708 1316 893 1392 societate
927 1315 1023 1388 civili
1047 1314 1182 1390 rebus-

88 1437 158 1510 que
201 1410 365 1530 publicis
402 1427 513 1513 quam
550 1413 634 1488 lieri
664 1419 793 1514 potest
826 1415 1108 1486 accuratissime
1143 1420 1183 1488 ct

87 1608 192 1679 arcte
219 1633 303 1680 cum
356 1610 489 1681 istoria
515 1613 755 1684 coniunctum
782 1613 832 1682 sit
857 1610 1040 1682 neminem

1084 1610 1178 1707 ugit.

1 1693 2 1776 l
85 1703 219 1803 Neque
247 1707 342 1777 euim
361 1731 424 1778 res
441 1709 590 1804 gestae,
617 1734 711 1808 quas
729 1705 887 1780 historia
904 1707 1048 1797 narrat,
1074 1706 1179 1779 recto

84 1799 247 1899 intelligi
281 1827 494 1903 causaeque
530 1829 656 1877 rerum
689 1807 728 1877 et
761 1809 917 1878 eventus
947 1804 1114 1900 perspici
1139 1803 1180 1877 ot

28 1955 31 1964 .
84 1896 246 1971 iudicari
270 1907 432 1998 possunt
457 1903 529 1974 nisi
554 1899 692 1974 idonea
717 1904 829 1974 etiam
862 1898 985 1971 status
1014 1896 1178 1996 populo·

85 2021 166 2068 rum
202 1998 343 2070 interni
377 2021 423 2070 ac
456 2001 512 2071 rei
543 1995 718 2096 publicae
743 1998 880 2070 notitia
904 1992 1108 2087 afferatur,
1140 1995 1180 2069 et

85 2117 211 2166 rerum
238 2090 472 2192 publicarum
499 2092 623 2168 torma
648 2096 686 2168 et
711 2091 906 2184 condicio,
962 2095 1076 2190 nippe
1100 2116 1178 2165 uon

86 2215 157 2262 una
183 2217 264 2264 sem
293 2217 336 2263 er
360 2195 399 2264 et
422 2189 687 2284 immutabilis,
719 2190 785 2266 sed
818 2190 893 2265 alia
918 2117 1004 2260 aliis
1029 2194 1176 2287 tempo-

85 2284 209 2378 ribus,
248 2218 429 2362 illustrari
459 2297 496 2362 et
528 2287 726 2387 explicari·
745 2313 820 2362 non
851 2289 982 2386 potest
1006 2289 1087 2359 sinc
1114 2310 1176 2358 re·

86 2409 165 2458 rum
193 2389 308 2486 atque
334 2385 546 2479 eventuum,
570 2383 672 2460 unde
697 2384 784 2460 illae
804 2386 1032 2458 mutationes
1047 2385 1177 2454 oriun-

84 2483 163 2575 tur,
190 2485 430 2580 cognitione:
456 2487 499 2556 ut
523 2482 634 2582 plane
661 2481 788 2558 divelli
814 2479 972 2556 alterum
990 2477 1038 2554 ab
1054 2477 1177 2552 altero

76 2581 166 2677 ipsa
192 2584 388 2679 utriusque
419 2584 518 2654 ratio
544 2582 583 2656 et
615 2586 753 2656 natura
776 2605 854 2653 non
880 2577 993 2652 sinat.
1042 2573 1175 2650 Perle-

84 2679 180 2750 ctam
205 2679 322 2775 igitur
347 2675 595 2780 omnibusque
621 2679 787 2752 numeris
803 2673 1015 2751 absolutam
1034 2670 1177 2746 doctri·

1 2795 2 2878 q
84 2798 167 2848 uam
194 2777 320 2848 auimo
345 2773 552 2850 informare
578 2775 667 2851 licet
690 2773 825 2869 talem,
857 2797 954 2875 quae
979 2767 1175 2844 historiam

1 2881 2 2888 ’
87 2873 120 2945 ct
147 2873 397 2972 antiquitates
422 2899 500 2947 una
524 2872 809 2973 complectatur,
835 2881 1122 2968 causarumque
1138 2868 1178 2941 et

84 2971 283 3043 eventuum
320 2974 500 3044 continua
540 2977 639 3046 serie
678 2966 907 3070 explicanda
943 2969 1106 3039 omnium
1137 2967 1177 3037 in

84 3069 249 3167 utroque
273 3092 417 3166 genere
443 3094 569 3144 rerum
595 3071 871 3142 connexionem
896 3063 1056 3162 apariat.
1096 3058 1177 3136 scd

85 3161 120 3237 id
155 3189 233 3265 quo
267 3169 388 3238 minus
421 3163 521 3240 offici
553 3194 577 3240 a
608 3163 720 3240 nobis
752 3167 791 3236 in
816 3164 985 3235 veterum
1012 3157 1176 3329 populo·

84 3285 163 3334 rum
190 3260 352 3335 historia
376 3265 513 3362 possit,
539 3288 651 3364 quum
678 3261 775 3334 aliae
801 3282 940 3332 causae
956 3258 1055 3356 impe
1082 3257 1177 3350 lunt,

2 3437 3 3444 χ
86 3360 160 3432 tum
186 3357 282 3432 haec
307 3363 508 3457 imprimis,
540 3358 641 3461 quod
674 3356 921 3458 plurimarum
946 3379 1073 3428 rerum
1099 3378 1176 3427 me·

2 3451 3 3532 l
86 3459 204 3529 moria
235 3462 302 3532 aut
332 3483 494 3556 prorsus
523 3459 735 3554 intercepta
767 3459 832 3526 aut
861 3454 916 3524 ita
945 3451 1071 3524 tamen
1104 3446 1174 3522 ob-

87 3553 237 3626 scurata
263 3556 341 3645 est,
370 3561 414 3626 ut
445 3581 521 3674 quo
548 3575 719 3672 quaeque
771 3549 935 3624 crtineat
960 3571 1103 3649 quaeve
1128 3546 1178 3619 sit

86 3652 180 3724 inter
209 3677 275 3724 eas
301 3677 490 3726 connexio
515 3651 628 3752 plana
660 3577 822 3746 rotelligi
847 3671 922 3718 uon
956 3646 1096 3744 possit:
1129 3667 1177 3716 ne

88 3744 206 3820 (licam
232 3747 371 3822 nullam
397 3751 540 3823 tantam
568 3775 653 3824 csse
678 3746 864 3820 humanae
890 3745 1025 3816 mentis
1047 3743 1176 3830 aciem,
1213 3761 1216 3768 ·

88 3869 179 3943 quae
207 3849 318 3919 etiam
344 3850 382 3918 in
407 3845 625 3945 plenissima
650 3847 874 3943 minimeque
906 3836 1085 3922 oblittera
1115 3861 1178 3910 re-

87 3966 165 4014 rum
192 3947 354 4017 omnium
381 3949 563 4020 memoria
586 3943 688 4018 illam
714 3965 824 4042 quam
859 3936 938 4010 ulixi
970 3938 1177 4008 connexio·

2 4111 3 4122 ,
89 4063 169 4113 nem
195 4037 321 4114 ubivis
344 4045 563 4142 perspicere
587 4044 722 4116 valeat.
771 4040 832 4110 lta
857 4032 966 4108 litut
991 4036 1030 4106 et
1053 4035 1092 4106 in
1116 4056 1177 4106 re-

2 4534 7 4723 l

89 4181 278 4198 -ι-ιιιι

89 4263 180 4302 aarum
204 4247 386 4320 publicarum
410 4257 516 4306 statum
542 4255 572 4304 et
590 4247 790 4304 condicionem
808 4244 981 4332 pertineant,
994 4259 1063 4331 'uqa
1081 4245 1178 4294 umen

88 4321 574 4462 llfopglfrgeeffinmhwlwim
592 4328 724 4375 veterum
749 4337 783 4371 ao
805 4313 913 4371 simules
932 4313 1096 4387 ducrphnas
1114 4310 1178 4384 pbl-

804 4439 965 4528 ,μ
