2806 5080
254 328 326 404 144
349 303 352 308 ’
403 329 476 405 IV.
501 337 536 406 1.
559 327 619 404 De
645 327 934 428 Spartanorum
957 353 1002 403 re
1020 329 1190 432 publico.

253 517 374 592 tutum
399 539 492 589 vero
518 537 659 606 earum,
685 534 782 611 qnae
805 514 968 590 maxime
993 512 1122 590 viriles
1146 541 1192 591 ac
1215 518 1325 596 civiles

255 618 357 706 sunt,
382 608 629 702 fortitudinis,
654 605 891 706 prudentiae,
917 614 1211 712 temperantiae,
1233 621 1325 692 iusti·

254 715 344 801 tiae,
368 707 468 782 hand
493 727 587 783 sane
612 705 771 779 deerant
795 703 1026 782 validissima
1051 711 1116 783 aut
1130 708 1327 790 adiumenta

256 817 322 883 aut
345 807 590 880 incitamenta
602 803 653 902 ³).
703 801 783 876 Sed
820 828 967 878 omnem
1000 804 1096 879 banc
1129 812 1184 880 rei
1217 811 1325 909 publi·

255 932 324 980 cao
349 901 609 978 condicionem
635 896 818 976 eiusmodi
842 899 1144 999 suisseapparet,
1170 931 1260 1007 qnae
1275 934 1326 982 re·

255 1004 368 1077 tineri
403 1026 448 1074 ao
479 1003 624 1075 servari
655 1001 807 1095 integra
839 1022 916 1070 uon
941 997 1052 1072 l'acilo
1083 1005 1237 1099 posset,
1266 1009 1328 1078 nisi

256 1095 431 1202 quamdiu
459 1096 643 1196 Spartani
673 1097 813 1168 veteris
843 1093 1125 1196 aequabilitatis
1155 1125 1201 1174 ac
1230 1100 1327 1174 disci·

252 1197 380 1298 plinae
404 1193 522 1268 civilis
547 1203 701 1270 tenaces
725 1195 878 1291 suisque
903 1190 1214 1272 rebus·conteuti
1243 1203 1329 1271 vire·
1390 1225 1391 1278 ff

150 1290 152 1298 ’
254 1297 353 1386 rent,
386 1289 519 1366 alienis
544 1295 668 1368 autem
692 1296 731 1364 et
755 1286 804 1361 ab
829 1291 997 1387 ipsorum
1024 1289 1176 1368 modulo
1204 1293 1329 1369 abbor·
1390 1333 1391 1336 ¹

254 1387 427 1478 rentibus
461 1415 537 1461 non
568 1391 876 1464 immiscerentur.
928 1385 1007 1460 Sed
1034 1397 1331 1492 posteaquam'et

231 1485 443 1564 »bonorum
482 1485 691 1586 aequalitas
725 1481 879 1557 turbata
913 1487 952 1556 et
991 1483 1188 1585 disciplina
1226 1490 1331 1562 civilis

254 1582 485 1659 labefactata
510 1587 581 1676 est,
607 1579 843 1680 habendique
868 1582 980 1680 atque
1004 1584 1215 1681 imperandi
1240 1590 1331 1685 cupi·

256 1680 375 1756 ditate
400 1679 546 1781 abrepti
571 1679 702 1778 longin
732 1703 780 1750 ua
805 1673 907 1752 bella
930 1704 1090 1775 gerere,
1114 1692 1251 1780 gentes
1273 1709 1332 1756 ex·

254 1785 359 1854 teras
384 1777 459 1851 sibi
485 1779 674 1853 obnoxias
699 1704 839 1868 Pacete,
864 1779 980 1848 maris
1006 1780 1119 1876 atquo
1137 1781 1332 1854 insularum

255 1876 548 1951 dominationem
575 1873 755 1949 affectare
770 1874 990 1971 coeperunt,
1017 1869 1333 1978 obscuratapaul·

253 1973 356 2048 latim
382 1972 599 2072 Spartanae
624 1965 882 2070 reipublicae
909 1965 1008 2043 bona
1040 1997 1207 2075 moxque
1238 1977 1333 2076 peni·
1391 2033 1392 2040 ,

252 2079 316 2146 tus
349 2074 518 2144 extincta
544 2074 644 2144 sunt.
694 2069 746 2142 ut
769 2069 901 2167 primis
935 2066 1084 2168 quidem
1112 2070 1336 2172 temporibus
1391 2065 1392 2156 J

254 2171 452 2269 Spartani,
478 2167 635 2258 devictis
661 2167 865 2239 Messeniis
878 2159 935 2260 l),
960 2164 1092 2240 fractis
1115 2171 1335 2268 Argivorum
1391 2251 1392 2256 ἵ

253 2265 398 2340 viribus
412 2268 464 2359 ⁵),
497 2259 710 2338 Arcadibus
767 2259 933 2364 lenisque
964 2265 1003 2335 in
1029 2269 1254 2340 societatem
1278 2293 1334 2339 ac·

253 2367 375 2532 ceptis
390 2364 443 2455 ⁶),
483 2365 644 2436 omnium
684 2289 942 2457 Peloponnesi
976 2361 1205 2460 populorum
1246 2361 1335 2436 haud
1391 2441 1392 2450 χ

254 2461 304 2534 du
331 2464 368 2533 ie
392 2461 643 2559 potentissimi
669 2455 771 2548 lacti,
797 2482 941 2530 summa
967 2457 1068 2557 apud
1094 2472 1246 2535 ceteros
1275 2488 1335 2534 au·
1392 2544 1393 2550 ἵ

254 2559 432 2632 ctoritate
457 2553 673 2655 pollebant,
706 2580 825 2656 eaque
858 2557 1027 2628 contenti
1060 2561 1187 2635 socios
1222 2583 1334 2658 aequo

253 2653 410 2730 foedere
442 2657 593 2727 iunctos
626 2649 867 2748 habebantl)
907 2677 978 2725 nec
1014 2657 1267 2754 principatum
1303 2658 1337 2728 in

255 2751 547 2826 dominationem
572 2750 722 2824 vertero
747 2750 931 2822 conantes
957 2775 1039 2822 eam
1066 2747 1205 2852 ubique
1219 2775 1337 2828 rerum
1392 2823 1393 2826 ,

254 2849 443 2940 sormam,
472 2852 511 2922 in
546 2874 619 2950 qua
649 2844 877 2948 populorum
909 2842 1067 2922 libertas
1110 2852 1337 2949 optimatium
1392 2837 1393 2928 Ῐ

252 2951 424 3048 potentia
448 2954 660 3045 regeretur,
685 2943 744 3017 vel
769 2945 905 3016 contra
935 2944 1137 3044 tyrannos,
1167 2953 1231 3048 qui
1262 2945 1338 3020 ubi·
1392 2951 1393 2957 ’

255 3071 328 3148 que
353 3047 580 3136 extitissent,
605 3040 667 3116 vel
692 3047 827 3114 contra
852 3038 1120 3116 democratiam
1139 3043 1339 3120 tuebantur

256 3147 293 3216 et
319 3140 557 3215 vindicabant
570 3143 621 3235 8);
647 3141 827 3239 tantaque
853 3135 939 3210 bine
965 3138 1065 3238 apud
1083 3167 1215 3217 omnes
1232 3147 1337 3218 etiam

254 3243 366 3315 extra
398 3238 705 3338 Peloponnesum
736 3261 867 3310 eorum
899 3232 971 3310 luit
1003 3240 1256 3335 existimatio,
1287 3243 1337 3331 ut,

255 3361 367 3440 quum
397 3333 488 3410 belli
518 3337 666 3412 Persici
698 3337 800 3407 metu
832 3331 1014 3433 pleraque
1052 3337 1214 3411 Graecia
1246 3341 1340 3411 vires

257 3463 452 3482 fl—-fl

323 3521 358 3592 3)
378 3524 423 3581 cf.
441 3525 583 3593 Diogeni·
602 3517 706 3594 Cynici
725 3521 832 3577 dictum
859 3521 934 3596 apud
959 3523 1046 3593 Diog·
1064 3525 1160 3583 unere
1177 3527 1239 3596 vl,
1257 3529 1284 3596 t,
1301 3527 1342 3582 27.

251 3605 321 3653 tom·
338 3599 368 3652 11
385 3617 412 3669 p.
431 3599 467 3650 20
484 3595 600 3650 fluebn.

324 3702 360 3775 4)
378 3705 503 3759 Peucen.
522 3702 577 3766 IV,
595 3703 706 3758 4-24.
743 3703 917 3773 lustin-111,
935 3703 963 3758 4.
982 3705 1011 3758 ⁶.
1045 3706 1150 3758 Manno
1167 3707 1191 3774 1,
1211 3707 1226 3761 l
1247 3719 1276 3773 p.
1296 3704 1342 3760 195

252 3779 357 3833 -078,
393 3775 530 3833 Mueller.
549 3775 564 3829 1
581 3787 610 3840 p.
632 3774 683 3828 140
700 3792 763 3847 sqq.

325 3883 354 3952 5)
373 3883 482 3938 Herod·
498 3886 522 3952 1,
540 3882 583 3938 82.
612 3881 669 3946 VI,
688 3881 724 3938 78
740 3899 785 3954 sq·
807 3881 876 3950 vn,
896 3882 958 3944 lte.
985 3883 1111 3940 Pennan-
1130 3885 1169 3954 11,
1187 3886 1231 3943 00.
1251 3881 1341 3940 Mael-

251 3955 304 4010 ler·
321 3958 336 4010 1
354 3969 384 4022 Ρ.
406 3957 458 4012 154
476 3975 539 4030 aqq.

324 4062 355 4132 e)
374 4063 509 4117 Mueller·
529 4063 604 4128 111³.
624 4061 677 4116 152
696 4081 739 4134 sq.

323 4169 352 4237 7)
371 4169 441 4225 Vid.
459 4170 527 4224 int'r.
544 4171 578 4223 P.
598 4169 653 4238 VI,
669 4171 696 4224 7.

324 4272 357 4344 8)
376 4277 517 4330 Herodot.
534 4277 575 4344 V,
593 4277 638 4332 02.
658 4275 789 4347 Thucyd.
809 4277 834 4341 1,
854 4277 896 4332 18.
915 4278 958 4334 19.
977 4278 1021 4336 76.
1048 4281 1138 4336 Arist
1155 4275 1245 4334 Polit.
1261 4278 1300 4342 V,
1318 4273 1343 4341 8,

250 4347 293 4405 18.
311 4348 455 4418 Manent,
474 4349 492 4402 2
509 4361 538 4414 Ρ.
555 4351 618 4404 300.
636 4345 772 4404 Mueller.
791 4351 806 4402 1
825 4362 853 4415 P·
874 4351 935 4408 160.
954 4349 1195 4421 Waolramutlrd,
1214 4347 1343 4416 1p.288·
