2814 5080
239 383 273 456 1.
296 383 358 458 De
380 383 470 464 isere
487 382 661 476 geatam
683 382 727 458 in
749 381 977 461 universum.
1083 383 1156 457 365

80 562 244 640 servandi
268 567 362 640 iuris
385 569 593 641 necessitas
621 563 901 665 potentioribus
929 567 1074 666 pariter
1099 565 1157 638 ab·

79 689 144 764 que
168 662 339 736 invalidis
366 661 579 737 civitatibus
605 665 683 736 tam
708 661 818 736 facile
852 689 962 764 quam
1024 665 1156 737 rivatis

76 761 208 858 imponi
244 757 531 862 haudquaquam
569 761 709 860 potest.
764 760 816 833 Et
850 759 951 860 apud
985 689 1021 834 dd

77 855 227 957 quidem,
252 860 350 931 sicut
375 881 396 929 a
424 856 473 930 ud
504 854 720 958 plerosque,
753 883 864 931 omne
897 861 957 930 ius
987 859 1157 958 gentium

73 980 146 1026 non
171 952 252 1029 iere
277 951 378 1026 aliud
393 885 524 1027 babuit
548 979 658 1054 quam
685 977 733 1028 ex
756 952 1159 1054 religionemunimeu-

73 1055 159 1143 tum,
195 1077 307 1152 quum
346 1053 384 1124 et
416 1077 510 1152 quae
539 1053 633 1123 iuris
662 1076 819 1126 normae
851 1052 968 1127 tacito
1019 1048 1158 1126 uodam
1278 1108 1281 1114 .

74 1173 255 1222 consensu
294 1155 333 1222 et
364 1143 533 1220 moribus
569 1154 747 1266 receptae
790 1156 940 1242 essent,
978 1078 1027 1223 ab
1064 1146 1159 1223 deos

77 1247 250 1319 auctores
284 1242 519 1318 reserrentur
557 1241 744 1344 divinique
780 1248 942 1318 numinis
977 1253 1159 1344 respectu

74 1340 251 1435 valerent,
283 1348 321 1415 et
351 1346 553 1442 pactiones
583 1365 734 1511 quoque
766 1343 956 1415 civitatum
986 1346 1070 1417 iure
1101 1345 1159 1415 iu·

74 1437 190 1512 raudo
224 1438 550 1531 confirmarentur,
606 1464 655 1513 uo
713 1435 856 1512 violare
895 1437 1046 1514 divinae
1079 1443 1158 1512 viu-

75 1534 191 1610 dictae
216 1545 337 1611 metus
370 1537 526 1609 vetaret.
576 1465 749 1608 diumaua
779 1559 872 1608 vero
903 1539 997 1610 iuris
1031 1543 1159 1610 custo-

75 1632 145 1728 dia,
183 1632 335 1726 iudicia,
373 1659 469 1734 quae
503 1633 785 1718 controversias
822 1629 973 1731 legibus
1012 1631 1160 1708 dirime·

72 1739 163 1821 rent,
195 1733 389 1830 potestas,
427 1755 523 1829 quac
559 1727 708 1802 iudiciis
741 1729 853 1804 etiam
883 1729 1058 1806 nolentes
1090 1728 1160 1804 ob·

71 1830 141 1901 tem
171 1853 280 1902 erare
306 1829 483 1926 cogeret,
518 1829 584 1900 aut
614 1824 717 1900 nulla
748 1833 848 1920 erat,
880 1834 965 1921 aut,
998 1831 1031 1901 si
1066 1833 1161 1920 erat,

17 1999 19 2002 .
71 1855 180 2000 iacidb
206 1951 231 2000 a
255 1923 536 2023 potentioribus
560 1927 710 2022 impune
736 1921 1087 1998 contemnebantur.
1112 1967 1160 1982 --

71 2025 346 2123 Antiquissimis
385 2018 532 2122 quidem
564 2017 818 2119 temporibus,
849 2028 1050 2122 autequam
1078 2046 1160 2094 cer·

71 2124 188 2193 tarrrm
216 2118 361 2193 sedium
414 2120 633 2192 ossessioue
658 2115 790 2217 popuii
815 2117 1067 2193 mansuefacti
1092 2143 1161 2217 pa·

72 2221 197 2318 cisque
225 2146 431 2290 commodis
457 2225 494 2289 et
519 2220 685 2289 tutorum
709 2220 808 2289 iuter
838 2242 881 2291 se
913 2219 1161 2291 commercio-

72 2341 151 2387 rum
176 2313 339 2388 utilitate
365 2311 507 2387 deliniti
532 2313 672 2404 esseut,
696 2309 800 2386 nulla
824 2311 925 2387 baud
958 2310 1073 2388 dubie
1104 2316 1162 2387 iu·

70 2416 122 2485 ris
145 2415 316 2510 gentium
342 2414 408 2484 aut
441 2413 547 2482 notio
586 2416 669 2484 erat
705 2417 770 2484 aut
807 2407 1040 2505 observatio,
1077 2413 1161 2484 tau-

70 2515 220 2609 tumque
247 2511 380 2609 cuique
406 2505 587 2582 adversus
620 2503 765 2581 alienos
797 2505 857 2581 ias
889 2534 974 2582 esse
1004 2505 1162 2582 videbu-

73 2613 145 2698 tur,
171 2609 352 2706 quantum
379 2605 521 2678 viribus
557 2608 740 2704 consequi
770 2607 970 2703 potuisset.
1028 2607 1162 2705 Itaque

72 2707 136 2777 aut
168 2700 309 2776 bellum
342 2706 441 2775 inter
481 2727 610 2775 omues
642 2703 708 2774 aut
736 2704 884 2776 incerta
908 2727 999 2800 pax,
1038 2727 1163 2802 quum,

72 2803 218 2876 etiarnsi
258 2803 430 2872 civitates
466 2824 543 2871 nou
587 2795 796 2891 bellarent,
835 2802 974 2897 privati
1011 2797 1164 2872 bestilia

70 2896 253 2972 adversus
284 2896 448 2989 alienos,
482 2891 547 2968 ubi
579 2897 733 2968 occasio
767 2891 898 2986 ferret,
932 2898 1163 2972 committere

71 3021 146 3068 uon
173 2992 399 3086 dubitarent,
424 2997 653 3091 rapinaeque
680 2997 718 3064 et
742 2989 954 3084 latrocinia,
973 3017 1070 3092 quae
1096 3018 1164 3065 ex·

71 3094 131 3165 tra
155 3090 254 3164 fines
280 3095 384 3163 cuius
410 3116 458 3163 ue
489 3090 650 3161 civitatis
681 3085 836 3182 fierent,
866 3086 957 3160 nibil
989 3087 1164 3163 iui'amiae

72 3187 260 3264 baberent
271 3187 318 3284 ²).
404 3191 464 3259 inc
501 3187 651 3260 armati·
678 3209 826 3282 semper
865 3201 997 3258 omues
1034 3189 1073 3260 et
1113 3183 1164 3261 ad

70 3289 142 3360 vim
168 3291 236 3360 aut
259 3281 496 3389 inserendam
518 3285 584 3356 aut
614 3277 910 3452 propulsandam
935 3284 1070 3358 intenti
1094 3311 1163 3384 pc-

71 3387 236 3484 ratiquc,
273 3383 498 3455 commercia
528 3382 628 3452 iuter
661 3384 807 3452 aienos
838 3377 1092 3480 infrequentia
1126 3379 1167 3456 et
1276 3399 1278 3404 ’

71 3485 195 3554 intuta
209 3480 258 3577 ³),
284 3475 382 3552 beita
405 3478 543 3550 iniusta
567 3478 606 3549 et
630 3474 849 3578 pierumque
882 3503 958 3550 nou
995 3483 1067 3552 nisi
1099 3479 1165 3551 a'ut

73 3576 208 3652 deletis
240 3583 305 3648 aut
330 3573 498 3672 expulsis
524 3576 652 3662 autin
677 3577 892 3648 servitutem
909 3574 1071 3648 redactis
1096 3573 1164 3647 ad·

72 3677 253 3749 versariis
277 3671 393 3747 finita.
428 3669 508 3746 Sed
533 3672 606 3742 iam
632 3670 939 3766 beroicaaetatc,
964 3672 1029 3746 iila
1054 3697 1163 3772 quam

72 3773 230 3846 Homeri
256 3774 422 3842 carmina
447 3765 677 3860 describunt,
709 3773 803 3842 satis
835 3768 951 3842 multa
984 3777 1021 3843 et
1044 3772 1163 3842 mani-

76 3867 180 3944 festa
206 3865 372 3940 videmus
397 3866 563 3941 melioris
590 3867 712 3939 status
744 3869 862 3960 initia,
893 3869 998 3963 pacis
1032 3865 1162 3940 foede·

147 4124 184 4196 b)
204 4124 335 4214 'sbneyd
353 4127 422 4214 1,'5‚
441 4127 489 4197 qni
508 4121 601 4180 addita
637 4123 685 4180 aei
697 4127 788 4214 stippa
799 4123 879 4215 ,maida
895 4121 976 4196 uetiti
993 4124 1035 4192 τῆς
1047 4123 1167 4212 Ἑμάδος

132 4201 242 4270 namqu
259 4199 344 4272 τρόπῳ
362 4217 473 4267 vepera»,
490 4201 550 4272 aspi
565 4216 590 4254 π
606 4207 720 4273 Aoaqoos
734 4213 787 4254 vocs
804 4199 898 4260 Οζολας
919 4197 966 4252 nat
981 4198 1105 4256 dimicas
1118 4195 1165 4252 aei

75 4270 83 4292 '
152 4271 224 4326 νᾶνα
253 4271 300 4324 καὶ
315 4267 361 4338 τὴν
376 4269 451 4343 ταύτῃ
466 4267 575 4343 ἤπειρον.

145 4378 181 4447 ³)
201 4377 244 4432 Id.
262 4377 300 4432 ib.
319 4395 342 4430 e.
362 4376 381 4432 e
399 4375 436 4430 cta
454 4395 479 4430 o.
498 4377 524 4434 2
541 4374 618 4430 Add.
637 4376 746 4446 Krueg.
767 4373 944 4447 adXenopb.
953 4373 1163 4440 summae

1021 785 1156 834 [80608
1221 785 1227 804 “
