2838 5080
268 327 344 408 384
466 329 531 458 Vl·
562 331 837 408 hebetitate
861 331 1167 428 clangentium.

267 511 454 615 bellisque
477 513 578 588 inter
602 538 644 588 se
670 513 709 587 et
734 511 936 590 discordiis
961 518 999 588 iu
1026 513 1197 592 diversas
1227 523 1352 614 portes

268 611 453 702 distracti,
479 610 651 684 Graecos
674 619 797 685 tamen
823 638 1023 708 seomnes,
1048 616 1258 711 sauguinis,
1284 646 1354 692 me.

267 703 364 802 rum,
389 705 628 806 religionum,
654 712 878 806 optimarum
904 707 1067 812 denique
1098 736 1225 784 rerum
1258 742 1353 789 com·

267 810 445 882 munione
471 809 694 880 coniunctos
719 808 758 880 et
782 833 805 880 a
829 802 1005 882 barbaris
1036 805 1225 884 discretos
1249 817 1353 888 remi·

267 907 506 982 uincerentur
530 926 576 976 ae
599 905 996 1002 persentiscereutffl).

729 1103 842 1199 §.X

364 1255 541 1334 Ceterum
566 1256 678 1332 etiam
704 1255 769 1331 alii
794 1253 899 1330 multi
921 1251 1000 1331 ludi
1038 1253 1096 1331 bis
1138 1254 1186 1334 de
1219 1255 1353 1362 quibus

269 1353 434 1432 diximus
458 1380 534 1428 nou
560 1349 751 1428 absimiles
775 1355 814 1428 iu
840 1355 1002 1429 Graecia
1032 1352 1271 1454 agebantur,
1307 1357 1352 1430 ad

269 1451 366 1556 quos'
392 1449 452 1526 vel
476 1451 673 1553 spectandi
697 1450 756 1526 vel
781 1449 1028 1526 concertandi
1052 1457 1180 1552 gratia
1203 1453 1354 1553 plurimi

266 1550 435 1648 undique
482 1545 746 1642 confluebant,
789 1556 831 1622 ut
874 1547 1145 1625 Panathenaea
1187 1550 1355 1646 Athenis,

266 1647 463 1724 Eleusinia
487 1645 680 1740 Eleusine,
705 1645 894 1720 lleraclea
918 1645 1157 1739 Marathone,
1183 1648 1356 1741 Dioclea,

265 1744 417 1865 Pythia,
441 1743 584 1818 Nemea
608 1745 795 1842 Megaris,
825 1742 1011 1818 llereclea
1041 1769 1073 1818 s.
1098 1744 1219 1818 lolaia
1252 1745 1355 1819 The-

264 1840 346 1937 brs,
376 1837 553 1916 Erotidie
578 1839 777 1940 Thespiis,
807 1843 989 1934 Aeantea,
1023 1839 1245 1940 Delphinia,
1281 1845 1356 1917 lle-

265 1965 358 2015 raea
382 1941 564 2038 Aeginae,
591 1939 789 2014 Geraestia
819 1945 857 2011 et
886 1937 1131 2039 Amarynthia
1160 1938 1367 2034 Euboeae,

263 2039 417 2113 Heraea
441 2033 770 2109 s.llecatombaea
794 2037 924 2132 Argis,
949 2034 1098 2132 Pythia,
1125 2037 1355 2112 Theoxenia

266 2143 305 2210 et
329 2135 517 2208 llermaea
541 2130 722 2234 Sicyone,
747 2133 921 2234 Lycaeo,
956 2133 1117 2228 Aleaea,
1158 2137 1288 2208 corea
1318 2140 1358 2209 iu

264 2227 442 2325 Arcadia,
467 2229 615 2330 aliaque
640 2227 730 2303 alibi
746 2232 790 2323 ¹),
823 2255 919 2332 quae
946 2255 1165 2304 enumerare
1198 2230 1358 2330 longum

266 2331 326 2404 est
351 2335 389 2404 et
413 2351 745 2427 supervacaneum,
775 2323 1079 2429 qnandoquidem
1095 2326 1205 2402 nullis
1220 2328 1359 2403 horum

263 2426 409 2545 tanta,
425 2424 569 2528 quanta
594 2431 775 2526 quattuor
798 2423 892 2518 illis,
921 2423 1049 2523 gloria
1080 2429 1119 2544 et
1151 2423 1359 2501 celebritas

264 2521 623 2714 itlilffhlitl
636 2521 1360 2719 ‘ititlltfli²tlliffssltmrli

265 2719 349 2803 ctas
382 2714 430 2790 ad
462 2717 659 2790 Plataeam
683 2717 890 2791 Persarum
922 2719 1053 2815 copias
1084 2722 1273 2792 communi
1307 2725 1361 2794 ri·
1417 2721 1418 2744 l

265 2816 413 2888 ctorum
446 2812 626 2906 consilio,
657 2814 834 2888 Aristidis
867 2839 1002 2904 suasu,
1041 2817 1274 2910 institutum,
1319 2820 1361 2890 ut

264 2914 395 3014 quinto
421 2936 572 3013 quoque
598 2937 698 2985 anuo
723 2909 773 2986 ad
797 2909 993 2992 Platonem
1019 2917 1227 2986 conventus
1261 2939 1360 3012 age·

262 3015 389 3102 retur,
423 3033 545 3110 eoque
576 3006 695 3108 legati
727 3035 773 3084 ac
810 3006 933 3082 theeri
967 3032 1018 3082 ex
1050 3012 1151 3082 omni
1188 3011 1372 3085 Graecia,

262 3111 513 3200 mitterentur,
539 3130 725 3207 sacraque
749 3104 887 3180 fierent
911 3130 995 3178 cum
1020 3104 1119 3179 ludis
1149 3133 1193 3180 ac
1226 3113 1358 3182 certa-

262 3201 439 3296 minibus,
475 3229 551 3306 que
578 3204 617 3276 et
641 3207 798 3276 meritus
831 3201 889 3277 dis
921 3200 1045 3276 honor
1068 3201 1293 3301 haberetur,
1320 3215 1358 3281 et

264 3303 471 3374 communis
494 3299 643 3400 gloriae
668 3303 806 3375 virtute
832 3307 870 3376 et
894 3297 1102 3374 concordia
1124 3309 1260 3400 partae
1277 3329 1358 3377 me·

262 3401 388 3471 moria
419 3401 458 3470 in
495 3400 629 3471 animis
653 3394 851 3491 [homiuum
888 3401 1199 3472 resuscitaretur:
1234 3403 1359 3501 utque

261 3491 555 3570 Plataeensibus
587 3494 719 3570 eadem
751 3521 848 3597 quae
877 3494 985 3571 Eleis
1014 3499 1198 3570 sanctitas
1234 3507 1359 3596 esset,

332 3768 381 3839 1⁰)
402 3770 446 3826 (ll.
466 3772 555 3828 lacer.
573 3773 716 3846 Panegyr.
736 3793 762 3833 e.
782 3775 824 3832 12
845 3774 912 3848 ny..
939 3771 1056 3848 Olymp.
1075 3795 1102 3848 p.
1120 3774 1173 3832 911
1192 3795 1258 3850 sqq.
1278 3777 1356 3833 Add.
1416 3815 1417 3822 κ

259 3842 491 3900 Herder.1deeu
509 3864 563 3899 zur
580 3845 656 3900 Phil.
676 3848 728 3900 der
746 3846 851 3901 Gercb.
872 3849 923 3901 der
940 3845 1090 3901 Meusebb.
1109 3852 1176 3902 tom.
1196 3851 1227 3904 11
1251 3869 1283 3922 p.
1307 3853 1355 3905 1²1

260 3915 306 4042 :di
323 3914 445 4042 {ddeld
447 3925 489 4041 1οὲ
501 3917 627 3974 lleeren.
637 3918 710 3973 fiber
727 3918 845 3984 Politik,
863 3917 979 3974 llandsl
997 3925 1051 3974 eto.
1068 3926 1138 3973 tonr.
1149 3921 1205 3990 111,
1223 3922 1240 3976 1
1260 3924 1355 3995 12191

332 4090 361 4161 l>
379 4096 425 4149 De
443 4091 490 4148 bis
509 4095 642 4150 omnibus
661 4101 776 4168 praeter
793 4097 954 4154 Meurriuur
973 4099 1004 4152 in
1024 4099 1151 4154 Graecia
1167 4097 1277 4152 feriata
1294 4099 1356 4153 vid.

256 4165 906 4313 theuthachado·etde
921 4189 951 4316 r:
968 4171 1137 4299 lie-¹⁷⁶·
1154 4173 1203 4228 ¹⁸
1219 4171 1357 4238 ²¹⁹³·
