2814 5080
282 359 356 437 322
489 357 529 430 V.
552 355 613 428 Dc
636 377 681 426 rc
701 349 858 453 publico
882 351 1179 429 Athena'enrmm.

290 547 336 634 C,
360 547 385 619 3
416 537 600 614 archonte
625 536 834 610 Naneinico
871 535 965 609 inita
988 537 1122 630 est¹¹):
1160 563 1351 642 quamquam

292 640 413 745 qualis
438 635 533 710 baec
556 633 673 708 tuerit
697 657 773 705 non
799 634 893 706 satio
917 631 1047 734 liquet.
1097 635 1258 710 'fontum
1281 666 1351 712 con·

290 744 379 830 stat,
403 739 443 809 in
467 737 586 832 prima
612 729 736 804 classe
760 755 860 802 nunc
885 755 1134 807 censoresue
1159 738 1221 834 qui
1237 733 1354 810 talenta

290 838 368 914 ΧΙΙ
394 839 459 906 uut
483 827 643 928 amplius
668 823 872 920 baberent,
903 824 1197 930 tributn‘autcm
1221 829 1274 904 hie
1295 859 1355 906 non

292 937 339 1008 da
365 933 467 1006 omni
492 953 621 1018 censu,
647 922 715 998 scd
741 921 788 996 de
812 926 943 1024 quinta
968 926 1111 1000 tantum
1130 930 1238 1026 parte
1254 927 1356 1002 danda
1392 937 1393 1016 t

290 1029 478 1118 taisson).
527 1024 702 1097 Univerai
726 1021 858 1120 populi
884 1048 1021 1096 cenans
1046 1049 1091 1096 ea
1115 1050 1219 1123 pars,
1243 1024 1379 1126 dequa¹

290 1125 473 1202 tributum
508 1116 673 1194 conferri
706 1145 729 1190 o
759 1120 921 1211 orteret‚
961 1122 1158 1194 aestimata
1188 1121 1253 1194 iiio
1282 1126 1357 1197 ten·
1392 1161 1393 1164 ¹

290 1249 387 1326 poro
413 1219 549 1294 dicitnr
573 1241 645 1290 sex
670 1145 769 1290 mide
794 1213 874 1288 iere
899 1213 1052 1290 talentis
1062 1218 1120 1310 13).
1169 1221 1358 1293 Coniuncta

291 1329 417 1396 nutem
454 1342 537 1390 cum
570 1313 640 1386 hac
669 1339 770 1386 nova
800 1311 976 1386 classium
1008 1312 1263 1413 descriptione
1293 1319 1359 1390 erat
1392 1317 1393 1406 t

279 1411 405 1494 'etiam
445 1413 729 1510 symmoriarnm
763 1407 971 1504 ordinatio,
1014 1436 1126 1511 quum
1161 1440 1182 1486 c
1222 1413 1359 1512 singuiis
1392 1425 1393 1498 t

292 1511 471 1590 tribubus
496 1514 565 1582 viri
591 1511 739 1582 centeni
766 1510 805 1580 et
829 1510 962 1599 vicani,
1014 1512 1051 1582 ui
1075 1513 1241 1584 maximo
1266 1536 1361 1585 censu
1392 1523 1393 1560 t

293 1614 420 1699 erant,
459 1612 498 1681 in
532 1604 643 1710 binas
668 1607 893 1700 symmoriae
916 1531 1193 1702 dividerentur,
1234 1612 1276 1681 ut
1296 1611 1360 1680 uni·

293 1713 393 1784 versi
427 1706 555 1780 essent
585 1699 684 1775 mille
716 1701 887 1796 ducenti,
926 1707 1152 1803 symmoriae
1177 1709 1300 1778 antem
1320 1707 1361 1777 vi·

290 1809 405 1906 giuti,
444 1825 599 1903 quarum
630 1825 706 1872 nna
739 1823 911 1899 quaeque
946 1803 1150 1898 sexaginta
1174 1805 1266 1876 viris
1288 1827 1360 1875 con·

291 1905 420 1978 staret.
470 1901 532 1974 Ex
556 1897 612 1973 bia
637 1899 769 1970 rursua'
795 1899 898 1996 quini
923 1893 1022 1990 deni,
1047 1899 1111 1997 qui
1136 1903 1299 1973 omnium
1321 1896 1362 1972 di·
1392 1945 1393 2002 p

290 2002 434 2076 tissimi
452 2002 571 2086 erant,
597 1990 854 2092 capiebantur,
878 1994 922 2066 ut
946 2019 995 2066 ex
1019 1997 1150 2092 viginti
1165 1999 1361 2092 symmoriia
1392 2005 1393 2080 t

290 2096 566 2173 conficerentur
599 2093 757 2168 trecenti
773 2088 835 2188 ¹⁴).
890 2091 941 2166 Hi
971 2093 1011 2165 in
1041 2091 1284 2170 conferendis
1312 2095 1363 2167 tri

290 2276 490 2297 --—-
1391 2195 1393 2316 t

289 2363 406 2431 coitque
422 2361 522 2428 τίμημα
539 2358 655 2430 propria
673 2363 807 2416 vocatam
823 2376 888 2413 arra
902 2375 967 2412 aaut
987 2373 1092 2412 eeaaaa
1114 2362 1244 2430 partem,
1270 2357 1304 2412 de
1318 2373 1362 2430 qna

289 2433 427 2485 tributum
452 2429 632 2500 pendendum
657 2441 741 2486 caret.
780 2435 882 2504 itaqua
905 2432 931 2482 ai
954 2429 1262 2502 pentacoaiomedimni
1281 2433 1362 2502 ὀμημσ

289 2505 428 2557 talentum
455 2519 518 2553 aare
541 2520 681 2574 ponamus
701 2499 776 2571 (vid.
795 2499 922 2555 Boeoirb.
940 2500 960 2553 i.
979 2500 1023 2567 1.),
1042 2501 1179 2554 tributum
1202 2521 1240 2556 ue
1258 2504 1364 2555 ecateri-

289 2589 353 2628 rn'ae
369 2577 554 2644 imperatum,
582 2571 625 2625 iiii
649 2577 805 2627 centesima
827 2593 895 2645 para
912 2573 1013 2626 talenti
1031 2571 1059 2624 h.
1080 2591 1106 2626 e.
1125 2521 1280 2628 drabhnae
1295 2590 1362 2626 acra·

287 2651 369 2715 ginta
385 2643 555 2717 pendendae
574 2651 665 2698 erant.
699 2646 797 2717 Eques
816 2652 911 2698 antem
930 2646 960 2697 in
976 2643 1100 2715 πμῆμαιι
1109 2651 1153 2697 ter
1165 2647 1248 2700 mille
1261 2662 1363 2699 aucen-

287 2730 380 2771 tarurn
401 2714 607 2779 drachmarum,
625 2717 702 2788 quod
721 2721 867 2770 minimum
886 2716 941 2768 init
958 2717 989 2768 in
1007 2713 1062 2768 bac
1073 2715 1175 2778 clausa,
1194 2720 1363 2771 conterimur

289 2791 376 2842 dabat
397 2807 457 2840 non
482 2789 539 2840 nisi
556 2787 594 2840 da
612 2787 739 2840 decunoe
765 2788 793 2844 h.
813 2808 838 2841 e.
858 2788 894 2840 da
912 2786 1054 2840 drachmia
1072 2793 1117 2841 ter
1135 2787 1231 2856 mille,
1260 2804 1363 2861 quarum

287 2863 445 2914 centesima
469 2865 582 2912 constat
606 2859 747 2912 drachmia
765 2863 891 2929 triginta.
927 2861 1047 2928 Zygitea
1066 2859 1192 2930 deniquo
1210 2864 1241 2914 in
1260 2860 1364 2931 ιιμὴμσῠ

288 2933 367 2986 mille
393 2934 623 3000 octingentarum
649 2935 833 2984 centemmam
852 2930 940 2983 dabat
959 2930 995 2982 de
1013 2929 1092 2982 mille
1114 2930 1270 2994 drachmis,
1299 2931 1324 2984 b.
1344 2948 1363 2982 e.

287 3003 437 3058 drachmae
461 3002 568 3055 decem.
612 3003 689 3056 Hinc
712 3005 770 3056 iam
795 3002 932 3074 explicari
955 3007 1051 3071 poteat
1071 3001 1180 3055 Pollux
1205 3005 1288 3071 vm,
1310 3004 1363 3056 lou:

288 3079 424 3143 ἀνήλισκον
441 3073 469 3126 δι’
489 3070 529 3142 (ot
544 3073 823 3147 nemaoampidrpvor)
841 3075 876 3130 eir
888 3071 916 3126 ni
933 3071 1057 3141 δημόσιον
1072 3073 1212 3138 ιάλανιυν,
1243 3077 1270 3128 ot
1290 3070 1363 3138 δὲτὴν

286 3149 391 3202 ἱππάδα
412 3145 532 3201 nuum<
547 3175 581 3186 -
593 3145 780 3218 ᾗμιισὶλανων,
814 3145 840 3199 ot
861 3143 890 3198 di
913 3140 940 3198 rd
957 3146 1068 3213 ζνγὶσινν
1081 3144 1204 3203 τελοῦντες
1217 3146 1288 3217 μνᾶς
1300 3145 1360 3198 dira.

286 3222 429 3273 Nimirum
449 3235 523 3290 quae
542 3215 592 3269 iiie
612 3216 930 3284 conducticiorum,
959 3215 1091 3284 τιμήματα
1114 3225 1185 3270 aunt
1202 3237 1241 3270 aa
1260 3218 1294 3271 da
1311 3217 1363 3288 qni·

286 3292 342 3343 lina
365 3290 501 3342 tributum
525 3289 714 3359 pendebatur.
752 3293 795 3343 {io
812 3287 869 3342 hoo
890 3305 946 3340 nau
964 3287 1047 3339 verbi
1065 3287 1218 3341 ἀναλίσκειν
1233 3288 1362 3359 similique

286 3362 404 3414 atterius
420 3363 544 3432 εἰσφέρειν
560 3359 597 3412 of·
615 3361 649 3414 F.
668 3363 704 3415 G,
722 3360 865 3427 Parreidt,
883 3359 920 3412 de
938 3359 1071 3410 instituto
1090 3377 1125 3410 eo
1143 3359 1361 3421 Atheniensium,

284 3437 366 3486 enim
397 3433 605 3484 ordinationem
636 3434 667 3485 in
701 3450 744 3486 or.
779 3439 816 3487 πί
837 3429 991 3505 συμμοριῶν
1018 3429 1235 3486 Demosthenes
1265 3430 1361 3486 rudet

283 3503 434 3574 (magdeb.
455 3503 530 3557 18³6.
548 3501 577 3566 8)
597 3523 623 3573 p.
642 3505 685 3557 12

354 3606 403 3680 ll)
423 3608 493 3663 Vid.
512 3607 640 3662 Boeckh.
659 3607 680 3662 l.
698 3608 718 3662 l.
737 3621 768 3676 Ρ.
786 3609 823 3664 5⁰
842 3626 902 3682 ης.

353 3714 406 3786 lt)
425 3717 466 3770 Ut
482 3734 513 3770 v.
532 3733 557 3769 c.
577 3719 626 3788 qui
644 3695 807 3788 quindecim
826 3716 935 3770 talenta
951 3713 1080 3784 haberet,
1097 3720 1123 3772 ai
1136 3722 1310 3774 cauteriatae
1321 3718 1358 3769 tri

280 3793 380 3844 butum
399 3791 566 3859 imperatum
586 3797 671 3852 emat,
689 3789 886 3842 contribueret
903 3789 938 3842 de
956 3789 1048 3842 tribur
1060 3790 1185 3857 talentis,
1202 3790 1234 3844 h·
1248 3811 1274 3846 e.
1286 3787 1358 3845 ibim

281 3862 439 3928 drachmis,
467 3859 617 3912 drachmae
641 3870 755 3914 contum
780 3869 810 3914 et
833 3865 990 3929 octoginta.
1024 3861 1215 3934 Reliquarmn
1237 3863 1356 3915 elaaaiuu

276 3953 333 4057 ἔξω
355 3949 571 4058 ppmeregraneo
597 3951 701 3986 canona
723 3950 779 3986 neo
801 3933 1004 3986 contribuendi
1027 3933 1130 3988 modos
1155 3934 1288 3988 traditur.
1320 3927 1357 3988 Gi·
1392 3995 1393 4012 χ

304 4025 353 4058 οε(-
379 4041 404 4056 ,.
421 4025 449 4076 p.
504 4041 512 4057 .

265 4163 268 4170 .
349 4111 400 4167 13>
424 4115 596 4166 Accuratiua
620 4109 797 4166 VMDCCL.
833 4109 903 4164 Vid.
928 4110 1058 4165 iioeclrh.
1077 4132 1102 4185 p.
1121 4113 1239 4167 al-tn
1261 4110 1357 4164 'Aliter

276 4184 525 4312 {iitiddribaibbidt
546 4184 688 4240 discertat.
706 4183 784 4236 laud.
803 4203 832 4255 p.
851 4181 894 4250 1⁵,
914 4186 995 4238 onina
1012 4187 1141 4238 rationes
1160 4191 1297 4238 excutere
1307 4198 1357 4234 noa
1392 4193 1393 4216 ¹

347 4357 397 4429 lt)
415 4358 543 4416 Boeobb.
561 4381 590 4433 p.
609 4359 724 4417 59-69.
760 4359 805 4413 Dc
830 4363 1051 4430 aymmoriaruua
1070 4363 1265 4436 deacriptione
1282 4378 1356 4435 prae·
