2806 5080
289 348 358 426 116
441 347 513 422 IV.
541 345 573 418 l.
598 345 659 418 De
683 345 974 445 Spartanorum
998 369 1044 418 ro
1061 341 1229 447 publico.

766 541 801 621 e.
826 527 910 602 vll.
1124 492 1127 498 ¹

391 663 559 745 (lrdines
584 661 717 734 civium
743 661 809 733 aut
833 657 976 737 classes
1001 683 1157 734 eeensu
1170 656 1361 758 descriptae

296 773 345 854 ab
370 770 478 846 initio
503 755 628 833 nullae
653 759 764 831 erant
778 759 826 855 ¹),
851 755 918 832 sed
943 758 1028 856 pari
1053 780 1184 829 omnes
1215 758 1309 830 inter
1330 782 1363 829 se

294 882 378 952 iure
411 869 451 940 et
483 851 673 958 aequabili
706 851 788 930 iere
818 857 1103 954 possessionum
1137 849 1248 928 modo
1277 855 1363 926 vire·

297 973 398 1050 baut.
448 962 640 1056 Agrorum
664 977 762 1050 quos
787 951 1067 1049 occupaverant
1099 953 1261 1022 omnium
1315 973 1364 1021 ro-

295 1065 497 1173 p'rietatem
511 1046 787 1152 quadammodo
800 1044 1030 1147 respublica
1043 1043 1210 1121 babebat
1222 1047 1276 1142 2)ι
1289 977 1366 1118 lace

299 1166 461 1265 aliquam
494 1143 592 1224 baud
628 1141 742 1220 dubie
771 1149 919 1243 partem
950 1140 998 1218 ad
1025 1140 1199 1245 publicas
1224 1144 1367 1217 necessi·

298 1267 399 1340 tetes
422 1243 608 1328 retinebat
621 1242 677 1337 ³),
702 1238 870 1342 reliquos
895 1237 1039 1315 civibus
1053 1237 1301 1340 possidendos
1315 1236 1367 1310 da·

301 1361 385 1446 bat,
424 1341 596 1444 aequatis
632 1340 811 1509 qqrentum
842 1337 926 1414 lieri
962 1339 1118 1438 poterat
1153 1334 1369 1435 singulorum

298 1439 543 1560 portionibus
556 1434 599 1523 ⁴).
675 1434 880 1510 rooedente
906 1443 1029 1508 antem
1053 1439 1240 1534 tempore,
1262 1431 1369 1534 perlo-

196 1615 199 1624 .
299 1559 428 1652 eisque
453 1531 612 1615 subinde
638 1535 786 1631 imperii
809 1530 962 1628 linibus,
994 1557 1107 1634 quum
1136 1557 1209 1631 pro
1238 1540 1294 1606 ter
1316 1556 1368 1602 an-

302 1652 402 1728 etam
434 1637 621 1712 bominum
651 1629 927 1705 multitudinem
958 1625 1085 1704 multis
1115 1559 1266 1704 fumidis
1296 1641 1369 1726 po's-

301 1745 495 1826 sessiones
534 1754 626 1804 suae
663 1753 740 1800 non
772 1725 1012 1820 sufficerent,
1049 1753 1172 1802 novae
1212 1749 1370 1826 agrorum

302 1833 591 1922 distributiones
616 1821 818 1926 egentibus
843 1821 1242 1899 nivibusfaotaesnntt
1266 1825 1371 1897 euius·

299 1937 404 2021 modi
427 1921 734 2006 distributionum
758 1923 954 2022 postrema
978 1947 1073 2020 rege
1091 1919 1287 2022 Polydoro
1301 1917 1373 2018 post

300 2032 531 2118 Messeniam
556 2018 730 2094 dirietem
756 2022 930 2094 instituta
944 2018 1105 2112 videtur,
1132 2045 1208 2119 quo
1223 2022 1372 2116 tempore

300 2141 501 2216 universus
534 2120 751 2220 portionum
784 2141 962 2191 numerus
1001 2111 1127 2190 faetus
1166 2123 1227 2190 est
1257 2136 1373 2189 novem

301 2285 503 2320 aua-⁶¹·-

303 2387 338 2438 ιιι
359 2375 406 2429 his
426 2367 524 2443 potius
549 2379 585 2416 ea
607 2360 730 2413 mutatio
754 2357 881 2413 tribuum
905 2358 1054 2414 debeatur.
1092 2359 1230 2414 (letarum
1268 2375 1299 2412 ιο
1314 2354 1375 2426 tipo

302 2447 419 2509 Laebm.
437 2431 675 2520 poseittndowf,
693 2449 748 2484 nee
764 2430 884 2484 multum
905 2430 940 2484 ab
960 2430 1015 2485 bae
1032 2433 1146 2485 ration
1165 2377 1288 2486 discedit
1296 2425 1374 2483 Muel-

252 2523 261 2529 ’
300 2525 355 2586 len,
370 2516 447 2574 πόλιν
462 2523 584 2583 ponens.
623 2501 692 2556 Vrd.
709 2499 914 2572 Philologioal.
931 2504 1087 2558 Meuaeum
1104 2504 1135 2558 11
1151 2522 1178 2576 p·
1199 2505 1244 2558 el.
1270 2501 1375 2557 Hessius

303 2594 429 2661 deniqne
451 2581 489 2636 ad
510 2580 587 2632 Xen.
606 2573 642 2664 de
660 2593 686 2662 r:
701 2593 730 2646 p.
749 2574 782 2628 Ia.
801 2594 829 2646 p.
846 2577 900 2630 203
923 2593 984 2628 non
1013 2577 1142 2648 quinque
1163 2575 1218 2628 aed
1239 2592 1291 2628 aex
1311 2570 1375 2624 urbis

301 2667 436 2736 regiense
454 2652 563 2720 statuit,
580 2645 742 2700 rationibus
760 2663 821 2698 non
837 2649 908 2700 satis
926 2646 1031 2700 validis
1047 2653 1206 2718 permotus.

373 2763 406 2838 1)
424 2760 519 2818 Aliter
536 2761 676 2823 statuunt,
694 2753 746 2820 sed
764 2760 873 2807 temere
884 2759 914 2806 et
922 2751 1070 2807 historiam
1081 2771 1136 2807 auo
1146 2749 1375 2808 arbitratndiffin-

325 2847 421 2906 entes,
444 2835 600 2897 Kortuam,
618 2828 736 2880 Wesen
754 2844 783 2878 u·
802 2823 971 2878 Sobieksale
990 2825 1041 2878 der
1061 2819 1376 2880 dorisob-lalronieeben

302 2901 580 2980 Ankergeeetzgeb„
602 2901 635 2954 in
659 2895 827 2950 Sebloaaers
852 2916 881 2949 u.
906 2894 1038 2950 liereht’s
1061 2897 1173 2951 Arebiv
1198 2897 1219 2951 i.
1241 2893 1340 2950 each.
1354 2911 1377 2944 ι.

193 3048 196 3054 .
303 2992 373 3047 Iaitt·
389 2991 459 3037 tom·
476 2976 530 3030 IV·
549 2977 579 3025 ‘t
596 2968 771 3026 holmum·
788 2988 815 3040 p·
836 2969 889 3023 128
906 2987 940 3040 eq
961 3007 968 3021 .
1004 2969 1117 3022 liorem
1141 2968 1228 3023 alteri
1256 2969 1322 3022 eatis
1342 2981 1377 3016 re·

340 3054 422 3114 ondit
442 3051 600 3104 Hermann.
617 3041 654 3095 de
674 3043 769 3094 eaesis
785 3039 863 3096 turb.
882 3058 898 3092 a
921 2987 1058 3093 .qlraoed.
1079 3058 1141 3110 agr.
1160 3039 1296 3114 aequalit.
1313 3057 1336 3108 p.
1352 3034 1377 3089 ll

197 3163 203 3172 ι
303 3153 363 3206 gq„
390 3126 426 3178 de
447 3120 537 3174 altero
569 3132 624 3184 ego
654 3111 715 3166 dixi
737 3113 775 3164 in«
793 3111 862 3166 dias.
906 3129 921 3164 a
947 3110 1077 3165 eeclesiis
1099 3111 1377 3168 Lacedaemoniorum

304 3197 431 3276 (Gryph.
450 3189 530 3247 1836.
547 3181 592 3257 t).
608 3203 637 3260 p.
658 3184 693 3238 1⁰
710 3201 774 3256 sqq.

374 3303 407 3376 2)
425 3302 503 3356 Nam
526 3310 597 3348 vera
615 3289 725 3366 proprii
741 3289 921 3362 privatorum
940 3291 1002 3360 agri
1019 3308 1081 3346 non
1104 3297 1202 3360 erant,
1228 3309 1301 3363 quo,
1323 3287 1376 3341 ὼ.

304 3382 415 3438 ltanare
433 3389 493 3426 non
510 3368 621 3421 linerat.

373 3479 406 3554 8)
427 3477 474 3534 Gi.
492 3470 627 3528 Mueller.
644 3457 717 3522 lior.
733 3467 764 3522 11
780 3487 808 3540 p.
826 3467 887 3523 loo.

374 3586 408 3660 ἰ)
425 3567 501 3642 Plil·
521 3581 611 3648 5088·
634 3575 679 3630 1¹1
700 3592 729 3645 P·
752 3573 806 3629 684
830 3573 977 3626 fortemne
1001 3573 1162 3646 Spartanae
1184 3579 1230 3631 rei
1261 3572 1377 3649 publicae

303 3663 451 3742 praedicnt
469 3656 516 3709 eni
539 3649 624 3705 iaeile
642 3645 757 3700 lienes-it
774 3645 871 3712 ῑσὸιητά
888 3665 944 3699 noo
960 3645 1003 3714 τῆς
1017 3646 1104 3703 οὐσίας
1119 3649 1197 3702 inter
1213 3651 1294 3702 cives
1310 3645 1377 3700 insti·

303 3747 386 3795 tuere
406 3731 513 3853 absque
530 3721 683 3777 invidiosis
701 3715 815 3786 legibus
835 3719 956 3786 agrariis
975 3725 1025 3770 aut
1047 3716 1155 3774 tabulis
1180 3723 1282 3788 novis,
1307 3731 1377 3790 quun

304 3814 443 3880 ⁰⁰⁰⁰P⁸¹⁸
486 3797 604 3852 ὀπὴ*
621 3791 731 3862 ⁰⁰Pl³¹¹¹
757 3807 891 3859 ⁸8f⁰¹¹¹¹¹¹
917 3789 1107 3859 aequabiliter
1129 3790 1378 3846 distribuendorum

301 3878 507 3956 suppeditaret.
546 3870 575 3921 Is
592 3865 681 3933 igitur
699 3859 774 3913 hane
792 3859 1024 3934 aequabilitatem
1043 3860 1258 3917 distributionis
1277 3862 1314 3916 ad
1329 3862 1379 3932 ipsa

300 3956 384 4010 initia
401 3951 444 4004 rei
461 3940 540 4017 publ.
559 3937 663 3998 refert,
686 3950 742 3986 neo
759 3933 895 4003 Lycurgi,
921 3951 1005 4004 quem
1024 3933 1073 3987 alii
1091 3937 1213 4006 primum
1232 3933 1322 3988 buius
1340 3948 1379 3983 ιιι·

301 4031 409 4079 etorene
432 4013 597 4092 perbibent,
619 4005 708 4060 ullam
733 4007 906 4057 merntionem
930 4005 1007 4057 taeit-
1043 4005 1083 4058 Bt
1100 4024 1170 4058 aene
1190 4005 1327 4060 credibile
1345 4007 1380 4054 at

300 4095 465 4168 Lycurgum
482 4103 536 4138 neo
554 4083 675 4154 primum
683 4095 738 4130 neo
755 4075 848 4129 solum
867 4074 924 4129 hoo
941 4079 1108 4145 instituisse,
1127 4078 1179 4132 sed
1190 4073 1378 4132 tantummodo

302 4174 353 4221 aut
369 4181 462 4219 novos
480 4173 565 4226 ageos
583 4150 696 4206 eivibus
714 4148 855 4210 divisisse,
874 4151 1021 4202 autetiam
1036 4148 1179 4204 turbatam
1194 4149 1233 4203 nli
1254 4167 1292 4202 no
1302 4144 1378 4201 nodo

302 4235 533 4311 aequabilitatem
555 4225 723 4280 restituisse.
764 4221 810 4274 De
834 4219 997 4273 Kortuemii
1022 4229 1051 4274 et
1072 4220 1252 4275 Laebmanm
1275 4219 1379 4274 temeri-

299 4317 370 4375 tate,
387 4309 436 4380 qni
455 4317 568 4356 omnem
587 4295 661 4348 bano
679 4293 715 4346 de
734 4290 938 4364 aequabilitate
955 4294 1150 4347 narrationem
1169 4290 1279 4346 fabulis
1297 4289 1377 4344 adnu-

299 4363 722 4443 mammaemammal.
740 4363 760 4418 l.
778 4383 808 4436 p.
827 4364 862 4418 ln
879 4380 990 4437 noeque
1008 4362 1032 4418 l.
1047 4363 1068 4424 l.
1087 4385 1115 4437 p.
1135 4366 1180 4421 12.
1199 4365 1244 4422 le.
