2814 5080
234 338 310 414 342
445 341 487 415 V.
511 341 572 416 De
593 364 640 414 re
658 338 815 441 publica
829 334 1134 412 Atheniensium.

1307 413 1309 424 '
1399 425 1400 464 l

237 525 297 597 Ito
321 518 478 597 carebat
501 545 593 597 sane
616 519 813 596 mulierum
826 516 999 592 condicio
1012 519 1184 616 plurimis
1199 540 1321 589 earnm

238 645 386 714 rerum,
426 645 522 721 quae
547 624 713 696 virorum
738 622 851 692 vitam
878 611 1069 689 ornabant
1094 619 1133 687 et
1158 610 1322 686 obleela·
1399 639 1400 662 l

177 775 180 782 -
237 713 353 792 baut:
390 743 512 888 nepae
536 720 727 814 viragines
753 715 979 814 Spartanae,
1010 737 1133 882 nepus
1157 711 1324 810 poetriae

238 812 398 890 Lesbios
428 818 440 888 i
471 842 501 888 a·
524 805 721 913 disciplina
750 809 978 904 serebat¹⁰);
1015 835 1057 883 se
1119 807 1241 881 bonas
1274 811 1324 878 ta·

239 935 324 986 men
355 913 498 986 moires
528 910 706 1004 familias,
741 934 838 1012 qnae
863 906 999 1007 pudico
1023 913 1205 1006 casteque
1230 906 1324 976 vive-

239 1013 337 1101 rent,
363 1009 511 1083 domum
538 1036 620 1083 cnm
646 1012 729 1083 viro
755 1005 999 1081 concorditer
1023 1005 1219 1102 regerent,
1253 1025 1324 1073 ma-

239 1107 325 1194 ritis
349 1132 482 1202 carno,
515 1103 645 1182 liberis
669 1102 908 1181 venerabiles
933 1103 1075 1195 essent,
1108 1103 1239 1174 neseio
1265 1123 1327 1171 our

239 1207 443 1305 pauciores
465 1205 624 1280 Athenis
650 1229 762 1307 quam
788 1201 880 1276 alibi
904 1204 1046 1276 vixisse
1060 1196 1327 1297 credamusfl).

621 1381 654 1460 l.
679 1371 939 1448 Lxxxvffl.

338 1504 566 1604 hegilimum
593 1531 674 1578 eum
701 1531 776 1578 una
801 1510 944 1577 tantum
970 1500 1328 1577 mulierematrimo·

241 1602 343 1673 nium
359 1603 402 1693 ¹).
461 1600 795 1677 Contrahehanlur
832 1604 984 1699 nuptiae
1016 1601 1214 1699 pareutum
1241 1622 1328 1699 oon·

243 1722 358 1772 sensu
380 1696 567 1802 laetisque
583 1697 825 1800 sponsalibus
840 1699 888 1792 ²):
914 1723 1037 1800 neque
1049 1720 1159 1770 sacra
1175 1693 1330 1766 aberant

240 1792 424 1870 solemnia
449 1800 783 1898 insecutionesque
810 1795 979 1888 deorum,
1006 1793 1076 1870 sub
1095 1794 1329 1892 quorumln-

242 1889 318 1965 tela
344 1899 616 1972 matrimonium
643 1921 727 1970 esse
755 1891 982 1968 credebatur
995 1895 1043 1992 ³).
1090 1892 1202 1965 Nova
1216 1893 1330 1987 nupta

241 2035 442 2052 *Q

242 2097 307 2153 dens
326 2102 489 2173 spectandis
507 2103 688 2172 arcebantur,
707 2119 878 2174 quamquam
898 2097 1034 2152 honestas
1051 2097 1187 2152 mulieres
1207 2117 1328 2171 unquam

244 2189 262 2223 a
280 2175 341 2225 suis
366 2192 401 2226 eo
426 2174 561 2230 deductas
586 2195 649 2230 esse
672 2193 759 2230 nemo
783 2173 887 2226 oredet.
925 2173 1076 2226 'Praeterit
1094 2170 1169 2223 hano
1188 2173 1330 2242 quaestio·

241 2260 309 2296 nem
327 2261 419 2317 nuper
437 2248 493 2299 W.
511 2251 549 2302 A.
567 2248 697 2316 Passow,
717 2247 789 2300 iiber
808 2245 864 2297 den
881 2241 1118 2298 Theaterbesuob
1131 2242 1183 2296 der
1193 2241 1330 2296 attisehen

241 2313 367 2384 Prienen,
385 2321 415 2370 in
434 2319 657 2384 Zimmermsnn.
677 2321 784 2386 Diurn.
802 2319 947 2388 antiquar.
966 2333 1053 2368 annu.
1073 2315 1153 2369 18³7.
1172 2333 1211 2366 no
1231 2314 1278 2369 29.

317 2418 367 2490 10)
392 2421 476 2476 Adde
493 2449 526 2462 -·
544 2442 581 2478 ne
601 2443 638 2477 ue
663 2423 795 2496 Phrynas
820 2429 870 2477 sut
892 2422 1011 2490 Laidos,
1035 2440 1156 2494 querum
1182 2427 1330 2476 eonsuetu-

243 2491 338 2546 dinem
363 2498 557 2548 amoeniorem
595 2498 672 2550 uisse
696 2515 780 2570 qnam
800 2504 994 2548 matronarum
1013 2493 1184 2565 simplicium
1204 2502 1235 2548 et
1251 2494 1329 2566 pudi-

243 2582 340 2618 carum
366 2584 451 2619 nemo
474 2574 572 2635 negot,
602 2585 697 2640 neque
724 2577 820 2621 tamen
844 2567 895 2620 has
919 2584 989 2639 prae
1012 2565 1071 2618 illis
1096 2575 1278 2638 oontemptas
1295 2564 1328 2617 ab

242 2634 469 2691 Atheniensibus
500 2645 529 2692 st
557 2641 677 2694 minoris
707 2641 869 2692 aestimatas
903 2657 966 2692 esse
991 2637 1192 2692 concedemus.
1226 2637 1331 2691 Aberat

242 2725 312 2760 sene
337 2707 372 2760 ah
399 2709 618 2763 Atheniensium
638 2713 700 2764 vita
717 2711 790 2764 illud
809 2729 894 2764 omne
912 2727 1003 2780 genus
1023 2711 1241 2763 eonsuetudinis
1259 2713 1330 2762 iuter

241 2781 321 2832 viros
344 2780 552 2854 mulieresque,
576 2783 655 2856 qnod
680 2782 761 2838 molli
786 2784 908 2906 pandam
928 2789 957 2834 et
976 2779 1100 2834 delicata
1119 2782 1273 2834 dulcedine
1289 2799 1331 2833 re-

175 2894 183 2910 ,
243 2854 404 2905 oenliorum
429 2853 599 2926 populorum
625 2858 713 2908 vitam
734 2855 897 2924 pesundits
917 2853 1017 2908 eberat
1034 2856 1176 2923 coniugiis
1196 2853 1269 2906 illud
1287 2871 1331 2921 ge·

242 2941 298 2976 nus
320 2927 435 2993 amoris,
455 2945 512 2998 quo
532 2925 604 2980 nihil
624 2945 682 2978 non
702 2931 787 2980 uxori
807 2944 870 2979 onrn
890 2929 954 2979 viro
974 2943 1124 2978 commune
1140 2933 1199 2978 est:
1217 2926 1270 2978 sed
1287 2924 1331 2976 de·

242 2997 351 3050 teriora
375 3005 529 3068 propterea
556 3000 692 3068 coniugia
714 2997 804 3051 fuisse
823 3001 875 3050 vix
894 2997 989 3054 oredo.
1025 2996 1103 3050 Illud
1120 3014 1210 3049 unum
1231 3015 1331 3050 eones·

196 3087 200 3092 ·
244 3066 370 3132 tiendum
401 3077 467 3136 est,·
493 3085 557 3124 non
589 3089 650 3126 enm
677 3069 776 3141 lyricis
801 3071 979 3141 soenioisqne
1000 3073 1094 3141 poetis
1119 3073 1269 3122 materiam
1299 3067 1331 3120 sh

243 3157 341 3192 smore
361 3146 390 3193 et
412 3141 499 3194 rebus
523 3140 712 3196 muliebribus
736 3142 947 3214 suppeditatum
967 3159 1044 3208 esse,
1062 3143 1093 3194 in
1112 3159 1170 3211 que
1190 3139 1333 3194 tractanda

239 3219 405 3266 nostrorum
429 3215 547 3282 ingenio
579 3218 702 3272 maxime
732 3214 788 3268 sihi
810 3212 925 3284 plaeere
948 3213 1053 3266 solent.
1089 3213 1189 3284 Atque
1215 3213 1273 3266 hue
1294 3230 1334 3266 re·¹

242 3281 332 3334 deant
350 3283 413 3336 iere
432 3303 506 3356 quae
525 3304 543 3340 s
561 3285 705 3340 Sobillero
725 3286 816 3356 Epist.
837 3285 873 3337 sd
885 3283 1055 3338 llumboldt.
1066 3303 1094 3354 p.
1109 3285 1163 3337 392
1178 3291 1207 3338 et
1220 3287 1333 3338 aldern-

184 3411 188 3420 ,
243 3350 355 3424 hardyo
376 3357 533 3412 Grundriss
553 3357 580 3422 d.
601 3356 718 3412 Grieeh.
738 3357 896 3412 Litteretur
915 3358 929 3418 1
950 3377 978 3428 p.
997 3357 1032 3410 ll
1051 3355 1250 3426 proferuntur.

314 3457 363 3531 11)
385 3462 565 3524 Gravitatem
590 3460 631 3534 (sd
652 3461 809 3534 ὖπόσεμνον)
835 3467 940 3517 Atticis
964 3461 1132 3516 mulieribus
1152 3463 1256 3518 tribuit
1272 3463 1334 3517 Phi·

242 3530 354 3586 lostrnt.
374 3535 482 3604 Imogg.
501 3555 528 3606 p.
548 3537 611 3591 806.
630 3537 670 3590 Et
688 3538 815 3592 sanctius
834 3545 995 3590 maternum
1014 3553 1121 3586 nomen
1141 3554 1227 3607 quam
1248 3546 1335 3607 pster-

242 3623 311 3658 num
336 3604 465 3660 habitum
491 3625 554 3660 esse
572 3607 622 3660 vel
641 3607 824 3679 Strepsiedes
843 3607 893 3660 ille
913 3605 1144 3678 Aristophaneus
1164 3609 1271 3662 dooere
1289 3626 1336 3678 po-

240 3683 297 3730 test
314 3678 415 3733 Nubb.
434 3693 463 3731 v.
483 3679 562 3746 1433,
583 3679 620 3740 ad
638 3697 722 3751 quem
741 3677 836 3732 loounr
854 3683 942 3733 Anna
960 3681 1099 3732 Deseris:
1118 3679 1138 3730 il
1158 3698 1180 3749 y
1196 3699 1213 3732 a
1225 3683 1335 3732 euiour-

241 3747 397 3803 dhuibien
416 3750 469 3804 des
493 3753 589 3818 maris,
615 3754 711 3812 quise
731 3750 947 3806 oonsoleraient
966 3750 1056 3804 d’esre
1074 3750 1187 3819 battus,
1218 3755 1244 3805 si
1261 3751 1336 3805 leurs

241 3819 361 3876 lemures
380 3822 491 3876 etaient
508 3823 631 3878 battues.
719 3843 727 3856 ²

290 3930 343 4053 6⁵l)
364 3928 434 3982 vid.
454 3927 559 3983 Lunae.
583 3929 675 3984 Leott.
693 3933 756 3984 Ass.
776 3951 803 4002 p.
822 3931 859 3986 54
877 3950 939 4004 sqq.
977 3931 1081 3984 Meles.
1101 3927 1226 3984 debon.
1246 3929 1334 3982 domn.

241 4017 270 4071 p.
328 4037 335 4052 .

312 4101 344 4173 2)
364 4105 493 4161 Plstner.
518 4107 640 4178 symbol.
672 4107 708 4161 ad
726 4111 780 4164 ius.
800 4113 861 4166 Att.
879 4128 962 4179 eogn.
982 4129 1009 4182 p.
1030 4105 1331 4173 109.Muer.1.1.p.

240 4175 283 4230 66.
303 4177 383 4230 Gens
401 4178 546 4232 Erbreoht
564 4181 579 4232 l
599 4200 626 4250 p.
646 4180 708 4236 295·
745 4183 964 4256 Nonnunquam
991 4199 1051 4234 non
1076 4180 1267 4252 desponsione
1285 4175 1332 4229 sed

242 4246 392 4322 ἔπιδίκασὶςι
410 4255 525 4322 nuptias
545 4258 708 4306 contractos
727 4273 814 4326 snpra
833 4256 959 4309 vidimus
979 4271 1001 4306 e.
1022 4255 1036 4308 1
1056 4251 1084 4318 §.
1103 4253 1147 4319 19,
1167 4252 1210 4306 19.

313 4334 347 4407 3)
368 4339 439 4393 vid.
465 4338 641 4396 Bartbelem.
668 4342 825 4400 Ausobars.
846 4363 910 4418 oap.
930 4343 973 4398 77.
993 4349 1063 4398 tom.
1082 4341 1158 4396 vm
1175 4359 1204 4414 p.
1222 4339 1273 4396 tls
1289 4335 1329 4389 ed.
