2822 5082
440 384 478 454 σ.
508 385 568 456 ιιι
592 385 754 458 uteru.
1070 381 1143 460 οτι
1258 489 1262 496 ι

63 567 171 642 nabet
196 563 332 658 deipde
356 567 616 664 magistratus,
650 565 887 664 reciperetne
913 591 1067 640 censam
1092 592 1139 641 on
1180 601 1183 610 ·

62 671 238 740 reticeret.
295 661 518 735 Reiioiende
552 665 635 736 eret
664 668 824 761 primum
863 661 1021 738 absente
1056 689 1139 756 reo,

60 767 123 837 nisi
149 767 180 835 si
205 764 367 853 κλητήρων
392 763 615 834 testimoniis
640 759 882 860 probaretur,
909 788 991 835 eum
1007 763 1080 836 rite
1098 764 1139 834 in

59 864 107 935 ins
132 863 306 933 vocatum
331 882 433 930 csse:
460 861 548 929 tnnc
574 861 685 950 enim,
710 861 783 930 nisi
807 861 1011 932 excusatus
1023 859 1138 950 esset,

57 962 88 1030 in
112 958 382 1032 contumaciam
408 952 649 1028 condemnari
673 957 797 1052 potuit
810 957 876 1054 12)ε
902 954 987 1029 dein
1003 953 1139 1056 siquid
1217 947 1221 956 “

8 1077 9 1080 ’
57 1054 206 1153 legitimi
233 1051 388 1126 obstare
413 1051 577 1144 videret,
613 1077 688 1152 que
720 1055 842 1124 minus
875 1052 932 1127 vel
957 1052 1057 1151 apud
1082 1077 1138 1144 se,

57 1155 107 1226 vel
134 1151 182 1224 ab
211 1150 282 1224 be'e
307 1155 450 1242 actore,
475 1147 533 1222 vel
560 1147 628 1222 hac
654 1151 814 1239 actione,
840 1149 898 1224 vel
924 1148 995 1222 hae
1021 1148 1067 1223 de
1092 1174 1136 1224 re

7 1253 8 1256 ’
58 1255 113 1348 agi
137 1253 287 1348 posset,
314 1273 410 1348 qnee
437 1249 563 1318 omnia
588 1245 803 1344 singulatim
817 1273 1038 1320 enumerare
1051 1245 1134 1320 lon-

7 1349 9 1390 s
56 1373 139 1444 gum
165 1361 223 1420 est
238 1346 297 1443 ¹³).
337 1347 536 1417 Per-tinent
560 1351 683 1416 autem
711 1343 784 1416 bue
808 1348 918 1417 etium
943 1348 1048 1417 vario
1066 1368 1134 1417 ex-

57 1449 262 1543 ceptionum
293 1467 455 1540 genere,
500 1443 532 1512 si
573 1465 660 1515 reus
692 1439 946 1515 contendebat
982 1466 1135 1514 causum

7 1581 8 1584 ¹
56 1569 134 1615 esse
166 1538 365 1629 eiusmodi,
404 1563 500 1638 qnae
531 1540 570 1610 in
603 1536 780 1610 iudicium
805 1537 941 1612 deduci
965 1563 1042 1611 non
1068 1536 1134 1612 de·

8 1659 9 1666 ’
55 1636 175 1731 beret,
200 1641 245 1729 μδ
261 1640 471 1724 εἰσαγώγιμον
486 1639 571 1702 εἶναι
584 1635 646 1725 τὴν
659 1637 766 1724 δίκην,
792 1634 923 1735 quoles
939 1639 1133 1733 exeeptio.
1153 1719 1154 1722 Ἴ

7 1739 9 1774 ³
54 1763 116 1809 nes
142 1745 207 1808 out
229 1757 299 1830 per
323 1735 453 1820 testes,
479 1733 543 1828 qui
567 1755 638 1830 pre
664 1755 732 1803 reo
753 1732 1043 1826 intercederent,
1054 1732 1135 1804 ‘unt

6 1837 9 1879 ‘⁷
54 1833 97 1907 ab
131 1837 215 1932 ipso
247 1856 316 1903 reo
351 1831 543 1924 interponi
572 1829 761 1926 poterent.
816 1827 1134 1927 Alterum‘·gqnus

7 1937 8 1976 ἶ
53 1934 272 2021 διαμαρτυρία,
304 1923 462 1998 alterum
488 1927 688 2016 παραγραφὴ
718 1926 784 1998 etit
814 1929 925 2000 etlam
949 1927 1133 2016 ἀντίγραφα)

6 2035 9 2076 ί
54 2023 256 2120 licitumst).
304 2023 438 2121 Neque
463 2019 628 2094 dubitari
651 2023 792 2120 potest,
844 2027 907 2096 uin
932 2025 1134 2121 magistra·

6 2147 8 2154 ’
54 2128 117 2216 ini,
141 2127 173 2196 si
198 2123 334 2194 iustam
360 2144 444 2192 esse
464 2121 726 2218 exceptionem
742 2049 980 2218 intelligeret,
1007 2120 1133 2192 stetim

53 2226 205 2295 reticere
231 2222 438 2308 actionem,
474 2243 544 2289 suo
570 2215 717 2316 quidem
743 2217 912 2316 periculo
927 2219 985 2313 ¹³),
1016 2215 1133 2290 licue-

53 2324 119 2392 rit:
159 2339 380 2416 quemquem
418 2311 638 2485 plerumque
677 2312 768 2387 nibil
798 2319 881 2412 ipse
913 2314 1131 2403 decernere,

5 2421 11 2466 ³
53 2415 116 2488 sed
139 2419 326 2511 integram
357 2436 436 2484 rem
461 2409 571 2484 iudici
602 2437 647 2484 ns
670 2416 889 2508 permittere
914 2409 1063 2486 solebat
1076 2410 1131 2494 ¹⁶).

53 2516 226 2587 Ceterum
257 2514 383 2582 iurare
414 2510 631 2609 utrumque,
672 2511 711 2582 et
743 2513 911 2585 actorem
942 2513 981 2582 ct
1013 2529 1129 2597 reum,

53 2608 250 2709 oportebat
274 2633 315 2680 se
341 2632 417 2678 non
443 2604 693 2678 calumniandi
718 2610 841 2680 animo
857 2616 920 2681 ant
935 2603 1130 2680 intendere

5 2791 7 2796 ,
51 2707 148 2782 litem
162 2708 229 2780 ant
240 2707 430 2802 excipere,
457 2701 556 2804 quod
569 2707 818 2778 iuramentum
832 2707 1027 2794 ἀντωμοσία,
1049 2703 1127 2770 διω-

5 2977 7 2994 =
118 3020 164 3089 le)
183 3020 256 3074 Ibid·
275 3039 301 3092 p.
319 3021 380 3074 577.
417 3019 494 3072 Hine
519 3019 647 3071 existunt
663 3013 754 3091 γραφὴ
768 3015 961 3085 ψευδοκλητείας
978 3011 1031 3084 (ib.
1051 3017 1080 3066 et
1097 3025 1126 3078 Ρ.

50 3091 123 3162 336.)
140 3113 182 3167 γρ.
195 3095 364 3160 συκοφαντίας
376 3089 519 3158 (Boeolrh.
530 3109 657 3162 prooem.
678 3088 821 3144 leetthib.
842 3107 909 3144 eun.
926 3083 1126 3153 1817-1818.)

52 3165 105 3232 δίκη
121 3165 298 3236 κακοτεχνιῶν.
337 3159 436 3234 (Proe.
454 3165 515 3217 Au.
534 3163 635 3234 p.·385
654 3169 683 3214 et
702 3156 777 3230 759.)

117 3289 167 3361 13)
186 3293 381 3361 Perreqnutus
400 3289 472 3342 luteo
488 3308 549 3342 snm
569 3289 603 3341 P.
622 3289 658 3342 A.
678 3299 707 3352 P.
724 3284 889 3340 599-602.

116 3413 166 3487 lt)
191 3415 264 3469 ibid.
288 3433 314 3486 p.
337 3415 388 3469 631
401 3440 434 3452 -
447 3413 509 3466 eto.
554 3411 648 3464 Etiam
670 3412 811 3481 ἐξωμοσίας
825 3426 932 3461 nomen
950 3406 986 3458 de
1004 3403 1126 3477 quodem

52 3491 224 3560 exceptionis
243 3505 349 3556 genere
368 3486 474 3538 dietum
494 3484 579 3537 docui
596 3503 624 3554 p.
643 3484 705 3538 648.
723 3485 792 3535 item
811 3481 847 3534 de
864 3480 1035 3553 loquutione
1049 3477 1124 3532 etev-

51 3559 124 3632 δικίμ,
140 3557 187 3626 τήν
203 3560 309 3613 εδδοῖαν
325 3560 429 3612 είοιὲναι
445 3577 474 3630 p.
492 3555 553 3610 649.

117 3699 165 3772 15)
186 3699 305 3754 Scilicet
332 3702 357 3752 si
383 3705 499 3751 temere·
517 3701 659 3751 actionem
684 3701 833 3752 reiecisset
861 3696 988 3750 accusari
1011 3697 1125 3764 propte·

51 3791 99 3826 ree
116 3783 164 3826 aut
183 3777 213 3826 in
231 3772 349 3828 stetere
365 3777 414 3823 aut
432 3790 483 3842 per
500 3767 626 3845 προβοίίν
644 3775 741 3824 autin
758 3771 937 3843 ἐπιχειροτονίμ
954 3765 1056 3838 potuit.

117 3912 165 3984 16)
185 3919 313 3987 Al'l’aret
330 3905 434 3978 entem,
452 3917 477 3968 si
495 3913 668 3989 διαμαρτυρία
684 3915 855 3986 interposito
873 3914 956 3976 esset,
974 3901 1126 3958 banesnb-

50 3991 158 4040 ¹¹¹⁰veri
180 4005 239 4040 non
258 3989 385 4056 potuisse
403 3988 458 4037 nisi
475 3987 531 4040 ita.
560 3996 593 4039 ut
610 3991 674 4059 quis
693 4005 757 4038 enm
776 3987 824 4056 qni
842 3982 1036 4035 testimoninm
1054 3975 1127 4050 illud

53 4056 160 4112 ‘limat
176 4055 214 4130 pr}
231 4059 408 4128 ἕίσῑῑγοίμτμον
423 4057 491 4110 εἶναι
505 4046 550 4124 τῆν
566 4055 648 4124 δίκην,
666 4078 718 4129 per
735 4058 809 4122 δίκην
825 4049 1051 4126 ψευδομαρτυριῶν
1058 4047 1126 4102 fulsi

52 4132 203 4184 testimonii
228 4132 426 4182 convinceret:
459 4132 484 4182 si
508 4133 672 4204 παραγραφῇ
696 4149 763 4182 rens
787 4146 856 4178 usus
875 4135 964 4191 esset,
996 4123 1070 4174 hane
1087 4119 1123 4172 uh

52 4198 112 4267 ipro
138 4201 329 4272 probandam,
357 4201 393 4252 ab
421 4209 519 4253 actore
545 4201 733 4255 refellendam
760 4198 862 4250 inisse:
898 4214 991 4268 noque
1011 4194 1046 4246 de
1063 4197 1127 4264 ipss
1235 4261 1238 4268 .

54 4275 161 4326 actione
184 4273 322 4326 indicium
348 4273 412 4324 fieri
435 4276 562 4344 potuisse
585 4276 642 4328 nisi
662 4279 730 4347 post
749 4270 903 4326 retutelam
920 4270 1124 4342 exeepttenem.

54 4340 119 4396 vid.
133 4347 218 4400 Pron.
237 4347 297 4399 Att
316 4343 425 4409 patiti.
