2838 5080
137 361 142 370 .
253 389 288 462 3.
313 390 374 464 oe
397 389 560 464 concillo
585 390 915 489 Amphictyonum.
1064 393 1137 464 391

53 595 182 646 consae
207 567 368 663 fuerunt,
394 575 473 646 ium
498 597 575 648 uuo
599 577 804 674 praecipue
829 578 865 648 io
891 579 974 675 ipso
1007 579 1132 649 conei-

51 670 86 744 lii
115 673 386 767 compositione
419 669 763 770 suffragiorumque
795 671 1036 745 serendorum
1068 699 1131 745 ra-

50 771 145 841 tione
169 771 308 864 posita,
333 793 444 866 quum
471 767 688 842 tantundem
713 774 807 843 iuris
824 774 983 842 minima
1014 795 1130 870 quae·

51 891 117 965 que
139 868 177 936 et
201 863 325 937 alieno
342 867 502 963 imperio
517 865 692 952 subiecta
704 872 836 940 civitas
862 893 944 940 oum
960 871 1131 941 maximis

49 970 82 1035 et
109 963 379 1058 potentissimis
418 961 597 1057 haberet,
635 989 792 1065 quarum
829 964 1000 1062 singulae
1038 991 1129 1062 pro-

46 1056 237 1157 pemodum
262 1057 348 1156 plus
372 1059 554 1154 valerent,
587 1087 697 1162 quam
721 1065 889 1162 reliquae
920 1067 1130 1154 universae,

47 1182 159 1254 neque
192 1160 234 1228 ut
268 1155 577 1254 obtemperarent
606 1159 737 1232 harum
769 1159 932 1232 decretis
958 1162 1047 1256 cogi
1071 1157 1129 1232 sa-

47 1252 110 1326 cile
133 1257 302 1350 possent.
350 1256 449 1328 Bina
475 1261 571 1330 enim
605 1256 744 1355 singuli
775 1259 906 1356 populi
942 1256 1127 1353 sullragia

45 1347 223 1442 serebant,
248 1350 425 1450 ideoque,
459 1379 570 1454 quum
596 1352 727 1452 plures
753 1361 885 1428 essent
915 1360 1027 1427 troius
1058 1379 1127 1451 po·
1173 1369 1175 1374 '

45 1447 115 1546 puli
139 1451 323 1540 civitates,
351 1475 401 1522 ex
427 1449 484 1524 his
508 1449 683 1526 binarum
710 1479 860 1554 qunque
878 1456 949 1525 tem
980 1476 1047 1524 ore
1072 1449 1125 1522 le-

44 1547 117 1643 gati
141 1544 311 1620 conciliis
335 1549 556 1640 intererant,
582 1575 615 1624 e.
642 1575 675 1622 c.
700 1577 750 1624 ex
778 1477 1028 1622 Doriensihus
1054 1549 1128 1647 ey-

45 1647 213 1716 tiniorum
235 1649 275 1716 et
288 1643 580 1741 Spartanorum,
607 1672 657 1720 ex
670 1644 830 1720 lenibus
844 1646 1127 1720 Atheniensium

46 1748 79 1812 et
100 1738 398 1840 Erythraeorum
424 1747 490 1816 aut
513 1746 777 1818 Prienensium
794 1749 847 1840 ¹):
874 1770 943 1818 nec
961 1742 1126 1816 dubitari

44 1843 163 1935 potest
189 1843 277 1938 quin
302 1840 567 1915 mittendorum
593 1841 806 1938 legatorum
831 1841 890 1914 ius
906 1845 1004 1914 inter
1017 1845 1127 1912 unius

43 1935 166 2033 populi
192 1939 368 2009 civitates
394 1943 499 2012 certo
528 1938 689 2039 quodam
706 1940 838 2014 ordine
854 1943 1029 2039 partitum
1044 1936 1126 2011 sue·

43 2034 145 2128 rit2).
197 2037 419 2108 Conventus
444 2041 645 2135 quotannis
669 2034 750 2110 bini
775 2041 897 2128 erant,
923 2060 1061 2109 vernus
1087 2035 1127 2106 et

45 2128 351 2222 auciumnalis³):
376 2136 525 2233 utrique
550 2159 701 2232 semper
731 2137 771 2208 et
802 2133 908 2234 Pylis
942 2159 973 2206 s.
1001 2129 1125 2204 Ther·

44 2227 198 2330 mopplis
226 2235 265 2302 et
289 2228 449 2326 Delphis
475 2228 592 2304 hahiti
618 2229 854 2328 videnturl).
895 2231 1035 2328 negati
1052 2226 1128 2300 hie·

45 2352 303 2402 romuemones
341 2325 451 2418 dieti,
490 2331 612 2428 iisque
651 2329 817 2403 adiuncti
854 2326 1066 2428 pylagorae
1080 2326 1126 2420 ⁵).

43 2421 95 2496 llli
119 2423 262 2523 singuli
287 2450 308 2498 e
333 2425 492 2523 siugulis
517 2424 744 2522 civitatibus,
770 2429 807 2502 hi
819 2425 949 2527 plures
965 2425 1071 2498 missi
1084 2425 1127 2518 ⁶).

105 2645 137 2719 l)
155 2647 296 2708 henchin.
316 2647 352 2700 (le
370 2648 391 2702 Ι.
409 2648 466 2718 leg.
485 2669 513 2721 p.
531 2651 594 2706 285.
614 2652 678 2707 286.

104 2753 137 2826 2)
155 2754 202 2809 Ex
221 2753 366 2810 Aeschine
383 2757 414 2807 in
433 2755 560 2827 Ctesiph.
579 2777 607 2828 p.
626 2759 688 2811 sot
702 2759 854 2813 eoo-517
867 2764 984 2830 apparet
994 2757 1029 2808 ab
1038 2753 1129 2810 Athe-

41 2829 183 2882 niensibus
202 2827 316 2896 legatos
336 2828 372 2878 ad
391 2826 487 2896 plures
506 2832 641 2900 deinceps
660 2837 820 2882 conventus
846 2835 947 2882 missos
966 2848 1044 2894 esse,
1068 2844 1129 2878 non

42 2905 121 2953 unius
155 2901 207 2953 sed
246 2902 365 2951 duorum
398 2908 475 2954 eerte
504 2918 655 2952 annorum.
703 2903 810 2953 Fuitne
836 2905 925 2971 igitur
957 2900 1009 2952 hoc
1044 2915 1128 2970 prae·

43 2976 150 3044 eipuum
168 2977 216 3025 ius
236 2971 393 3024 maioribus
412 2971 577 3023 civitatibus
595 2972 706 3038 datum,
729 2981 762 3024 ut
785 2973 840 3024 hae
862 2992 988 3043 semper,
1013 2985 1126 3023 ceterae

43 3055 131 3096 autem
151 3047 258 3096 annuis
274 3041 387 3095 vicibus
405 3041 571 3110 suffragium
591 3041 751 3097 haherent?
787 3045 832 3097 (tl.
859 3048 944 3097 etiam
968 3047 1126 3098 Tittmann.

43 3135 67 3186 p.
85 3117 126 3171 74.
144 3117 181 3169 'lh
201 3124 232 3168 et
249 3111 434 3179 Huellmaun,
458 3115 649 3186 Wiirdigung
671 3115 722 3169 des
739 3115 843 3188 Delph.
868 3116 1007 3183 Orokels,
1031 3133 1059 3186 p.
1082 3114 1126 3177 54,
1166 3167 1169 3174 ,

46 3191 89 3258 qui
106 3197 203 3246 tamen
222 3205 359 3260 perverse
377 3185 515 3257 loquitur.

106 3291 143 3362 a>
162 3293 262 3348 seras.
279 3293 334 3360 rx,
351 3293 370 3347 e
388 3311 414 3364 p.
432 3293 495 3347 sao.

106 3399 137 3471 l)
158 3404 322 3460 Titlmauu.
336 3421 364 3471 p.
383 3400 419 3454 8⁰
437 3420 557 3454 vernum
577 3407 750 3454 conventum
769 3401 900 3471 Delphis,
919 3399 1129 3454 auctumualem

45 3471 245 3546 Thermopylis
263 3473 392 3526 habitum
410 3478 521 3527 statuit.
548 3474 609 3526 sed
628 3479 712 3526 etiam
733 3474 929 3525 auctumnales
949 3471 1068 3541 ttelphis
1080 3471 1130 3524 ha·

44 3542 115 3596 hitos
134 3565 198 3600 esse
218 3544 383 3598 Boeckhius
402 3546 438 3598 etl
458 3548 516 3598 Cor
537 3579 544 3593 ·
562 3547 652 3598 lnser.
671 3547 685 3596 1
704 3565 731 3616 p.
751 3547 804 3599 ⁸08
821 3544 971 3616 probabile
983 3544 1060 3610 lacit,
1079 3562 1131 3594 uo·

45 3615 142 3688 hisque
165 3620 331 3671 lleereoius
359 3635 457 3670 verum
482 3566 591 3670 viliore
616 3617 744 3678 violetur,
768 3617 870 3683 (ldean
894 3617 945 3669 ub.
967 3615 1055 3670 Polie.
1076 3622 1130 3684 ete.

45 3688 92 3752 ΙΙΙ,
111 3692 126 3744 l
146 3709 175 3760 p.
195 3691 246 3742 201
269 3689 314 3740 ed·
335 3685 428 3759 1812.)
447 3693 496 3761 qui
515 3689 627 3756 legatos
645 3708 758 3758 semper
775 3693 895 3759 primum
922 3688 1002 3758 l’ylis
1026 3703 1133 3740 eonve-

45 3761 117 3812 oisse
135 3763 176 3814 ihi
199 3779 237 3812 ue
255 3764 378 3830 peractis
396 3760 566 3834 quibusdam
585 3763 674 3812 saeris
694 3760 824 3832 Delphos
843 3781 875 3814 se
887 3760 1043 3813 contulisse
1059 3777 1132 3810 con-

46 3832 113 3884 iicit.
150 3781 198 3886 (ill
220 3831 315 3883 Strah.
335 3832 385 3898 tx,
402 3838 421 3887 3
438 3853 466 3905 p.
484 3833 547 3886 420.
579 3834 656 3886 Hine
674 3835 759 3884 etiam
778 3834 901 3886 Πυλαιῶν
917 3850 1023 3884 nomen
1043 3833 1133 3883 omni-

45 3899 97 3954 hus
115 3905 314 3956 conventibus
333 3903 437 3969 haesit,
456 3909 488 3956 ut
505 3905 661 3979 notoyopo'iv
675 3903 788 3960 laetatis.
817 3907 975 3958 Tittnrann.
992 3924 1019 3975 p.
1035 3903 1079 3956 78.
1093 3901 1136 3954 79.

113 4008 142 4075 5)
162 4011 210 4062 De
230 4008 341 4063 duahus
367 4007 453 4063 huius
476 4013 602 4064 nominis
625 4011 741 4074 formis,
764 4013 913 4084 notoyo'ooe
936 4017 966 4064 et
987 4007 1136 4080 notoytpm,

46 4079 308 4217 ppdbzgpsseling.
334 4081 371 4134 ed
395 4083 504 4136 Herod.
523 4085 599 4151 vlt,
623 4086 685 4138 21⁴.
727 4086 825 4138 Bromi
848 4083 883 4136 ad
908 4081 1045 4137 henchin.
1070 4086 1137 4130 tom·

117 4255 150 4330 6)
170 4255 300 4314 Athenis
319 4268 398 4313 certe
422 4261 553 4329 singulos
576 4261 839 4330 hieromnemones‚
860 4267 958 4316 ternos
983 4257 1140 4332 pylagoras

48 4329 180 4385 videmus
201 4331 278 4401 apud
296 4333 434 4386 Aesohiu.
454 4337 483 4385 in
504 4336 631 4403 ctesiph.
642 4355 670 4405 p.
680 4335 747 4397 5063
767 4335 833 4386 illos
845 4342 923 4386 sorte
942 4345 1040 4402 captos
1060 4328 1140 4397 (Ari-

49 4404 139 4474 stoph.
156 4405 260 4459 Nuhh.
280 4423 309 4458 v.
328 4406 417 4473 stup,
437 4404 488 4459 hos
506 4405 651 4475 suffragiis
669 4416 790 4460 creatos.
826 4407 897 4462 Non
914 4417 1080 4479 perpetuam
1092 4419 1142 4453 au·
