2838 5080
241 379 243 384 ’
351 357 387 430 8.
411 357 472 430 De
494 354 650 448 foedere
672 353 852 432 Aetolico.
1075 361 1149 436 439
1209 459 1211 466 y

36 585 39 596 ·
71 545 180 619 etiam
220 538 372 615 interna
416 563 542 612 rerum
585 535 821 636 publicarum
861 538 1146 637 administratio,

69 641 232 742 quamvis
264 641 302 710 iu
332 640 544 710 uuiversum
574 633 696 709 libera
727 636 886 733 singulis
922 643 1146 735 civitatibus,

66 736 197 836 posset
220 741 356 828 tamen,
382 736 415 808 si
439 757 536 832 opus
561 734 676 828 esset,
699 731 959 808 communibus
985 741 1147 813 omnium

68 831 231 907 consiliis
255 835 340 930 regi
366 833 405 907 et
430 829 598 902 ordinari
611 831 656 922 3).
697 830 953 905 Consiliorum
979 831 1053 908 duo
1078 861 1147 934 ge·

65 956 155 1004 uera
181 937 302 1022 erant,
328 929 498 1017 alterum,
524 952 635 1026 quum
661 953 800 1024 magua
824 953 874 1002 ex
899 929 1071 1004 omnibus
1097 935 1148 1004 ei-

65 1023 242 1106 uitalibus¹
267 1023 462 1098 multitudo
489 1015 737 1098 conveniebat
750 1024 799 1119 ⁴),
824 1023 992 1116 alterum,
1017 1033 1055 1100 in
1073 1055 1149 1133 quo

65 1125 265 1222 pauciores
290 1119 543 1200 considebant
567 1147 590 1193 a
615 1117 828 1194 civitatibus
861 1127 940 1197 suis
972 1123 1148 1224 delegati.

8 1267 9 1272 κ
64 1223 183 1320 Atque
209 1219 247 1293 bi
273 1219 477 1320 quideme
520 1213 669 1292 ooleti
692 1215 924 1293 vocabantur
938 1223 984 1317 ⁵),
1012 1249 1148 1320 perpe·

65 1324 203 1436 tuoque
229 1245 509 1414 oongregatirl
624 1415 632 1433 ι
683 1416 692 1436 ·
975 1418 983 1434 .

64 1411 525 1602 sustinuerint
548 1407 1150 1586 nnnassuerim

68 1609 250 1707 statisque
274 1603 510 1705 temporibus
535 1601 775 1697 habemini),
808 1609 875 1679 aut
905 1610 1016 1679 extra
1048 1607 1150 1682 ordi-

66 1731 146 1778 nem
172 1730 286 1804 quum
312 1729 375 1778 res
399 1709 577 1801 posceret
602 1705 821 1780 convocata.
870 1703 933 1776 Ex
950 1704 1152 1778 ordinariis

66 1827 175 1876 unum
199 1803 402 1900 quotannis
427 1796 497 1874 sub
523 1795 771 1872 anetumnalis
795 1802 1025 1900 aequinoctii
1057 1811 1150 1876 tem·
1207 1818 1213 1844 ¹

65 1925 131 1998 pus
167 1897 270 1997 apud
312 1897 516 1970 Thermum
553 1893 763 1971 habebatur
778 1896 834 1989 ⁸),
869 1898 1153 1972 Panaetolicum

68 1995 218 2089 dietum,
244 1993 295 2068 ad
317 1991 503 2092 Apollinis
529 1992 723 2093 templum,
749 2019 830 2067 eum
856 1997 977 2066 saeris
1003 2021 1153 2140 ‹puoquo

67 2089 324 2166 communibus
355 2095 394 2165 et
430 2089 529 2182 ludis
561 2089 724 2190 Apollini
765 2093 999 2166 consecratis
1029 2097 1059 2186 ).
1109 2094 1153 2164 ln

66 2189 134 2264 boe
165 2191 418 2287 imperatores
450 2187 587 2288 aliique
620 2189 735 2261 annui
768 2188 1014 2285 magistratus
1046 2214 1152 2262 esea·

66 2284 272 2378 bantur10).
294 2321 303 2332 ·
322 2283 629 2358 Extraordinarii
655 2285 864 2357 conventus
889 2309 964 2384 quo
991 2310 1154 2359 eommo-

68 2383 148 2460 dum
174 2386 265 2461 erat
288 2385 490 2460 convocari
521 2379 771 2479 solebautss).
827 2380 1006 2459 Summus
1036 2384 1155 2472 totius

69 2547 267 2564 *-

131 2642 163 2718 3)
182 2645 221 2699 ld
239 2643 379 2717 probatur·
396 2639 563 2696 Dorimaelri
581 2646 611 2696 el
628 2643 741 2714 Suopae
760 2640 901 2712 exemplo,
920 2659 994 2714 quos
1012 2639 1155 2712 Polybius

68 2715 162 2784 fragm.
188 2717 244 2770 lib.
263 2716 386 2781 Xlll,l
411 2715 593 2788 νομογράφους
615 2713 651 2765 ab
674 2713 789 2784 Aetolis
813 2719 926 2766 creatos
954 2731 1017 2764 essa
1045 2713 1155 2774 toribii,

68 2807 119 2859 quo
141 2809 188 2843 res
218 2790 367 2841 civitatum
393 2788 467 2838 aeris
497 2785 585 2838 aliani
612 2784 810 2854 magnitudino
831 2781 1014 2855 perturbatas
1039 2783 1154 2836 ordina-

67 2869 135 2916 rent.
170 2862 307 2916 Pertinet
324 2858 379 2912 boo
398 2856 435 2910 ad
454 2855 493 2910 ol.
514 2856 575 2910 143.

132 2965 164 3038 r)
184 2967 235 3023 or.
252 2963 357 3035 ruys.
375 2962 420 3026 v,
446 2963 512 3028 ma,
535 2963 561 3016 a.
581 2960 607 3016 a
641 2961 760 3028 xum,
776 2960 827 3026 er,
845 2955 872 3016 e.
909 2959 1059 3026 xxvrn,
1076 2957 1154 3025 nn

507 1339 527 1388 e
552 1311 666 1387 rebus
691 1311 899 1389 minoribus
925 1321 990 1389 aut
1015 1319 1149 1393 subitis
1261 1319 1265 1330 “

67 3039 182 3096 Diodor.
210 3039 302 3103 XIX,
324 3034 368 3092 66.
403 3034 468 3089 Isis.
491 3034 629 3103 XXXV,
653 3033 708 3102 34,
730 3033 758 3090 3.
798 3031 902 3102 46,1.
949 3033 1107 3086 Tittmann.
1124 3047 1154 3100 p.
1263 3109 1266 3117 Δ

68 3110 126 3177 126,
144 3114 187 3166 63.

135 3214 168 3284 b)
187 3217 253 3270 Liv.
272 3213 409 3280 xxxvl,
427 3207 472 3278 28,
490 3213 522 3267 8:
540 3215 596 3278 „in
615 3211 737 3266 oonsilio
747 3207 933 3276 delectorum,
952 3227 1025 3282 quos
1039 3179 1152 3279 apocle-

70 3293 112 3340 tos
128 3284 267 3342 vooant.“
300 3285 345 3339 Cf.
363 3285 402 3338 id.
420 3286 552 3352 XXXV,
569 3285 614 3354 34,
632 3285 659 3338 3.
678 3283 723 3351 46,
743 3283 768 3336 1.
786 3281 892 3353 Polyb.
911 3283 966 3352 IV,
985 3283 1011 3349 5,
1029 3279 1055 3334 9.
1081 3278 1152 3342 XX,
1237 3315 1243 3323 ·

69 3360 191 3430 lello,
211 3359 255 3414 11.
291 3357 421 3426 141413,
439 3359 466 3410 3.
985 3365 986 3370 ’

136 3465 165 3532 6)
182 3465 254 3519 Vid.
273 3463 347 3516 loce.
367 3461 463 3515 laudd.
482 3467 512 3513 ot
530 3462 688 3515 Titlmnnn.
706 3480 735 3532 p.
754 3461 815 3514 726.
836 3460 904 3528 727,
923 3460 973 3532 qui
989 3463 1086 3511 tamen
1103 3456 1152 3509 Li.
1252 3445 1255 3453 “

8 3565 9 3568 ¹
68 3539 107 3591 vii
125 3537 219 3592 locum
238 3534 371 3602 XXXV,
394 3535 430 3588 45
450 3539 522 3585 extr.
541 3551 602 3584 non
619 3539 698 3584 rente
720 3536 863 3602 accepisse
887 3533 1011 3586 videtur.
1047 3530 1152 3580 Extra·

69 3609 242 3662 ordinarium
260 3605 414 3662 eonoilium
433 3602 629 3678 apooletorum
648 3603 764 3656 decreto
782 3603 921 3658 indictum
931 3600 1073 3672 Polybius
1091 3616 1151 3652 ma·

68 3688 159 3736 morat
175 3682 247 3746 XX,
266 3680 308 3748 10,
328 3679 371 3733 14.

136 3784 166 3856 ’1)
186 3785 289 3857 Polyb.
306 3785 361 3852 IV,
380 3785 430 3853 15,
442 3783 468 3840 8.
507 3783 665 3838 'Pittmanm
682 3801 713 3854 p.
730 3781 792 3837 726.

136 3890 169 3961 e)
188 3891 292 3963 ruys
309 3892 369 3960 rr,
387 3891 432 3955 er,
449 3893 477 3945 a.
513 3889 614 3947 sou.
636 3889 684 3958 x.
706 3889 726 3946 a
747 3901 778 3957 p.
794 3887 858 3944 roe.
894 3883 942 3942 or.
959 3881 1089 3941 noenu.
1113 3879 1150 3935 aa

68 3963 153 4037 Gorp.
171 3965 261 4018 lusor.
277 3964 307 4016 Π
325 3976 352 4029 p.
371 3963 433 4018 631.
450 3963 513 4017 633.

136 4067 171 4138 3)
190 4070 295 4142 Polyb.
312 4059 367 4134 lv,
385 4068 413 4139 8,
430 4069 456 4122 6.
474 4068 512 4124 of·
523 4069 579 4138 xl,
596 4068 623 4138 4,
641 4067 668 4126 1.
789 4108 794 4118 .

136 4174 187 4245 16)
204 4177 248 4232 Iri.
266 4177 322 4246 IV,
338 4177 384 4238 37.
400 4177 428 4232 3.

136 4279 185 4348 11)
203 4283 244 4338 v·
262 4301 287 4337 ⁰·
306 4283 479 4350 Thermum,
497 4281 600 4353 Polyb.
619 4278 769 4344 xxvlu,
787 4279 818 4346 4,
836 4279 868 4344 l,
885 4276 935 4340 ubi
953 4275 1150 4327 Romanorum
1225 4285 1237 4295 ·’

71 4356 167 4422 ‘lentio
186 4356 433 4428 introducitur'de
451 4353 528 4410 bello
549 4354 689 4408 adversus
713 4355 826 4408 Persen
852 4349 1010 4417 dandisque
1034 4343 1069 4396 ab
1092 4341 1150 4394 Aa·
