2822 5082
315 385 350 453 3.
374 375 435 450 Dc
459 374 609 450 Senatu
635 375 955 498 caementorum.
1105 372 1178 447 213

86 580 239 630 scessns
254 559 417 655 agerent
440 557 556 656 capiti
580 557 793 653 impositam
805 556 873 654 ΞΖ»
898 553 1036 630 exacto
1053 556 1177 630 autem

86 679 198 746 anno,
224 657 257 726 si
282 679 436 729 munere
461 680 545 728 cunr
570 651 682 727 lande
706 649 826 726 functi
840 651 1071 746 riderentur,
1096 651 1177 726 col·

8 807 10 830 1
83 749 186 849 legio
213 755 390 828 aniverso
416 750 574 825 honoris
599 775 717 825 causa
742 775 860 825 aurea
884 775 1029 824 corona
1058 776 1082 824 a
1107 774 1175 851 pn·
1279 799 1283 803 -

83 849 173 947 pulo
198 846 352 924 decerni
377 847 527 924 solebat
539 849 599 940 18).
1249 859 1254 868 '

511 1040 544 1132 §-
568 1032 754 1110 xxvnr.

8 1079 10 1126 l

8 1129 12 1296 l
65 1181 67 1186 ’
179 1167 314 1240 Munia
338 1172 492 1241 senatus
517 1165 678 1242 duorum
702 1191 885 1268 generum
900 1162 1071 1258 suerunt,
1096 1166 1174 1264 pri-

9 1320 14 1362 ,
84 1288 181 1336 mum
206 1269 250 1337 ut
274 1291 337 1338 res
363 1261 412 1336 ad
437 1263 617 1364 populum
643 1263 821 1339 l'erendas
845 1270 933 1338 ante
959 1259 1175 1340 consuleret

8 1363 13 1450 fl·
85 1360 1175 1462 (npoflovtedarlcomitiorumqnodeliberationiqnasiprae·
1263 1369 1269 1380 ‘

82 1457 251 1553 pararet,
265 1456 423 1532 alterum
432 1465 473 1532 ut
482 1457 655 1532 mandata
665 1455 737 1530 sibi
750 1459 816 1530 ant
826 1456 1092 1531 ordinariaant
1106 1479 1174 1529 ex·

8 1553 10 1632 [
83 1551 339 1628 traordinaria
353 1559 510 1654 negotia
524 1555 814 1656 administraret.
863 1552 959 1626 Illud
974 1579 1097 1653 genus
1113 1575 1176 1624 va·

8 1733 10 1738 ,
83 1653 177 1722 rium
194 1653 233 1725 et
249 1650 443 1749 multiplex
455 1659 523 1742 est,
545 1679 615 1727 nec
629 1655 759 1750 potest
774 1649 969 1725 commodo
990 1648 1175 1748 explicari

9 1829 10 1832 Ἴ
83 1745 1103 1850 nisiincomitiornmdescriptione,alterinsgenerisne
1134 1769 1174 1816 o·

8 1851 11 1934 j
83 1845 137 1916 tia
152 1848 355 1919 maximam
366 1857 511 1946 perlem
529 1844 576 1920 ad
591 1849 771 1948 pecunias
793 1847 849 1918 rei
867 1841 1049 1952 publicae
1067 1769 1172 1914 coln·
1225 1873 1228 1882 ·

8 1937 13 1982 ⁹
83 1941 243 2040 gendos,
269 1942 489 2034 servandas,
516 1939 804 2043 dispensandae,
830 1939 905 2014 alia
930 1938 978 2014 ad
1004 1965 1083 2013 rem
1107 1961 1173 2010 na·

83 2037 201 2114 valem
237 2043 276 2113 et
306 2041 522 2136 militarem,
556 2045 631 2115 alia·
661 2037 710 2112 ad
740 2063 925 2113 novorum
955 2045 1172 2110 senatorum

8 2157 15 2182 i
85 2141 124 2211 ct
153 2139 441 2236 magistratuum
474 2135 738 2238 probationes,
778 2134 852 2209 alia
890 2133 939 2208 ad
976 2136 1172 2206 criminum

12 2241 13 2244 ’
83 2232 322 2334 publicorum·
346 2241 584 2337 cognitiones
609 2231 861 2334 pertinebant.
900 2234 995 2306 Nam
1011 2229 1172 2304 etvecti÷

84 2331 186 2431 galia
212 2335 268 2406 rei
292 2331 467 2432 publicae
491 2359 561 2434 per
586 2331 734 2432 potetas
758 2327 920 2404 locanda
940 2334 1092 2403 senatus
1109 2349 1173 2397 cu-

8 2429 14 2507 }
86 2427 196 2504 rabat
210 2431 262 2528 ¹),
295 2434 332 2504 et
354 2436 558 2532 pensiones
591 2458 614 2504 a
639 2426 942 2527 redemptoribus
978 2420 1172 2524 exigebat,

8 2570 15 2649 2
87 2529 355 2701 illabili
375 2533 529 2700 titi
548 2523 845 2716 tibitibi?
857 2523 1072 2696 „iiiiii
1095 2541 1173 2688 ”ii

8 2774 18 2822 Ἰι
88 2751 231 2824 cunque
265 2721 405 2824 aliquid
436 2721 609 2822 publicae
634 2723 817 2822 pecuniae
849 2718 949 2817 apud
981 2742 1022 2790 se
1055 2641 1172 2787 haba·

12 2808 18 2859 ³
87 2829 189 2915 rent,
221 2819 382 2894 reddere
408 2819 574 2920 cogebat
586 2821 634 2916 3).
685 2820 920 2915 Receptores
947 2820 986 2888 et
1014 2813 1171 2888 exacto·
1239 2899 1245 2904 -

8 2941 14 3010 3
88 2945 149 2994 res
178 2917 320 3018 publici
353 2945 447 3020 quas
479 2915 725 3014 collegissent
755 2917 934 3012 pecunias
967 2914 1006 2983 in
1038 2910 1172 2984 senatu

10 3059 13 3068 f
85 3014 355 3107 numerabant,
401 3019 643 3114 rationesque
687 3010 956 3112 proponebant
974 3005 1033 3100 ⁴)=
1080 3007 1170 3076 item

8 3123 12 3184 ‘z
88 3121 308 3216 quaestores
334 3117 582 3202 aerariorum,
607 3137 702 3210 qnae
728 3107 798 3182 snb
813 3111 1008 3180 Minervae
1023 3102 1171 3176 cetero·
1206 3201 1210 3208 .

8 3211 13 3254 ⁷
87 3237 242 3312 rumque
263 3207 419 3282 deorum
434 3208 552 3280 tutela
568 3211 606 3279 in
621 3231 709 3279 arce
730 3201 1036 3294 asservabantur,
1060 3220 1172 3300 quum

88 3307 232 3386 inibant
256 3308 526 3406 magistratum,
551 3329 615 3410 res
641 3310 679 3378 et
701 3305 883 3402 pecunias
909 3327 932 3376 a
964 3294 1171 3374 decessori-

8 3521 10 3547 ¹
156 3513 208 3585 17)
227 3515 352 3586 Lycurg.
371 3533 398 3586 p.
418 3515 473 3568 222
493 3509 530 3582 (e.
547 3513 584 3570 3⁰
602 3510 630 3580 ξ.
650 3501 710 3584 la.)

8 3605 11 3672 J
156 3623 203 3692 18)
222 3620 372 3676 Demosth.
388 3623 420 3675 in
437 3621 561 3675 Androt.
582 3640 607 3674 ο.
623 3639 735 3690 argum.
756 3633 783 3687 P.
801 3619 856 3676 590
874 3625 947 3676 extr.

154 3730 183 3798 1)
203 3728 334 3786 ΒΟΘΟΗ).
353 3745 413 3780 ⁰0⁰·
433 3749 456 3784 r.
475 3747 503 3800 p.
521 3730 560 3782 Α.
578 3729 595 3781 1
611 3747 638 3800 p.
658 3727 718 3784 167.
738 3726 776 3782 cl.
793 3727 908 3783 Andnc.
927 3723 963 3779 de
986 3725 1076 3799 myst,
1089 3735 1117 3788 p·
1131 3712 1167 3768 66

93 3801 223 3858 Aeschin.
242 3803 273 3853 in
293 3799 436 3854 Timaroh.
455 3821 482 3872 p.
503 3801 564 3855 134.

157 3906 190 3982 2)
209 3909 260 3963 0r.
278 3911 309 3960 in
327 3909 434 3962 Neacr.
452 3927 479 3978 p.
500 3909 579 3974 1353,
596 3909 641 3962 22
674 3910 758 3962 Dan.
777 3909 809 3964 in
832 3907 959 3960 'l'innoor-
976 3920 1006 3974 p.
1024 3899 1077 3954 73⁰
1099 3899 1171 3950 extr.

97 3979 152 4042 ilb,
187 3977 318 4036 Boeclrlr.
337 3980 352 4030 1
368 3999 396 4050 p.
414 3979 468 4032 362
482 3997 548 4052 sqq.
666 4029 672 4041 ,

159 4085 190 4155 3)
208 4089 295 4140 Dem.
312 4088 342 4138 in
362 4087 488 4139 Timoer·
506 4106 533 4158 p.
551 4087 612 4141 730.

139 4189 191 4319 lpil)
210 4194 353 4266 Harpoer.
376 4212 399 4250 s.
424 4213 453 4253 v.
476 4191 622 4250 eudemo.
652 4192 724 4252 Lex.
749 4191 872 4260 Seguer.
894 4208 923 4262 p.
945 4185 1006 4248 198.
1043 4183 1172 4242 Boeelrlr.

8 4311 9 4316 ,
96 4281 123 4334 p.
189 4302 197 4320 .
829 4279 832 4285 ·
891 4276 894 4282 ·
