2806 5080
239 349 278 422 V.
303 349 363 424 De
387 339 607 452 republica
631 337 940 430 Atheniensium..
1050 355 1121 427 165

65 529 162 604 tribus
186 531 325 606 divisus
358 539 434 625 est,
460 525 675 624 Geleontes,
701 533 896 634 llopletes,
922 511 1118 632 Argadeu·

65 656 127 720 ses,
160 633 452 728 Aegicorenses3
493 655 591 730 quae
628 635 778 704 nomina
818 657 927 732 quum
965 637 1119 730 praeter

65 753 153 798 unum
189 731 313 799 omnia
349 725 548 800 mendesio
587 729 684 802 vitae
723 755 867 826 genera
909 731 1120 827 designent,

13 863 17 913 =,
64 819 200 896 dubitari
232 831 354 896 tamen
382 849 457 895 non
482 823 787 921 posse'videtur,
821 831 908 927 quin
936 828 1028 900 haec
1054 829 1119 898 tri-

12 918 17 992 l
61 914 152 993 buum
175 918 379 1020 descriptio
406 925 517 994 etiarn
543 921 590 992 ad
617 920 758 996 sodium
786 929 823 997 et
842 929 1039 1022 regionum
1056 949 1118 994 ra-

12 1066 17 1081 .
60 1018 175 1090 tionem
189 1017 470 1091 accommodata
485 1017 609 1090 suerit.
629 1097 630 1102 .
647 1021 742 1092 Nam
771 1047 881 1120 quom
907 1026 990 1119 ipsa
1016 1025 1119 1094 terra

59 1115 159 1187 Attica
192 1118 266 1187 situ
297 1118 336 1188 et
368 1115 438 1188 soli
469 1121 604 1188 natura
634 1121 672 1189 in
705 1124 884 1217 quattuor
909 1125 1037 1216 partes
1064 1116 1118 1189 di·

12 1216 19 1301 t
60 1213 122 1283 visa
143 1215 199 1302 sit,
226 1218 304 1284 tum
330 1216 554 1310 regionatim
580 1211 758 1312 populum
783 1213 957 1288 iratribus
976 1212 1118 1288 descri-

12 1308 20 1375 l
58 1311 140 1405 ptum
165 1309 280 1382 fuisse
306 1313 417 1382 etiam
445 1308 641 1383 fabulosae
668 1310 714 1384 de
739 1310 915 1385 tribubus
935 1315 1028 1384 lone
1055 1337 1119 1383 au-

12 1390 19 1488 l
58 1406 260 1503 tiquioribus
298 1409 538 1480 narrationes
577 1404 688 1482 fidem
729 1409 870 1482 iaciunt
882 1412 924 1494 ³).
986 1410 1118 1507 ltaque

59 1527 147 1600 quum
172 1509 208 1576 iu
235 1529 309 1577 una
334 1507 480 1576 Atticae
506 1514 614 1603 parte
634 1505 782 1604 plurimi
801 1511 929 1580 essent
951 1511 1120 1598 αϊγικορετς

12 1612 18 1664 ἰ
59 1603 251 1696 (astores)
283 1605 321 1673 in
355 1599 428 1673 alia
456 1599 605 1699 plurimi
630 1605 784 1693 ἄργαδετς
819 1603 1030 1698 (agricolae
1081 1607 1119 1676 in

57 1626 112 1768 ella
138 1697 287 1798 plurimi
318 1701 462 1788 interes,
502 1723 598 1818 quos
637 1697 837 1796 probabile
878 1704 936 1771 aa
972 1726 1021 1772 no
1051 1698 1119 1774 iles

56 1791 152 1882 luisse
175 1794 392 1886 Hellenicae
416 1797 555 1892 gentis,
581 1821 677 1896 quae
702 1821 785 1870 eum
799 1795 930 1870 Xutho
957 1795 1118 1870 advene·

56 1891 157 1988 rati),
191 1897 230 1966 io
255 1891 329 1965 alia
353 1890 513 1993 denique
538 1889 686 1990 plurimi
709 1897 878 1978 retineres,
904 1919 999 1994 quos
1024 1893 1120 1966 iudi·

55 2012 218 2084 genarum
244 1987 392 2064 nobiles
406 2015 491 2063 esse
509 1987 732 2062 crediderim
746 1991 792 2086 ⁵),
823 1987 908 2062 hinc
928 2016 1120 2091 unaquae-

12 2157 13 2162 κ
55 2149 220 2166 w

54 2231 124 2286 slerh.
151 2235 188 2288 ad
217 2233 367 2307 Aristopb·
396 2233 474 2290 Plut.
502 2235 563 2290 777.
588 2259 623 2274 -·
662 2230 827 2288 Lobeekiua
848 2233 991 2307 Aglaoph.
1016 2255 1044 2309 p.
1069 2236 1122 2290 215

12 2313 17 2355 ἰ
54 2301 198 2360 Eleusinem
226 2326 265 2361 ne
290 2307 408 2360 Solonis
431 2307 545 2380 quidem
565 2306 741 2377 temporibus
759 2304 979 2360 Atheniensium
999 2309 1120 2380 imperio

13 2411 19 2444 ᾗ
55 2369 190 2432 s'ubiectam
214 2380 304 2432 luisse
328 2383 442 2442 statuit,
465 2386 582 2451 propter
607 2377 715 2430 bellum
738 2379 896 2449 utrimque,
924 2389 957 2432 ut
976 2383 1032 2448 ait,
1056 2399 1120 2433 cum

12 2439 17 2511 s
54 2464 138 2517 magua
163 2454 191 2504 vi
211 2463 334 2517 gestum.
359 2451 418 2504 Sed
445 2469 528 2523 quem
552 2449 638 2502 buius
656 2451 698 2501 rei
717 2460 818 2502 testem
839 2453 916 2517 citat,
933 2451 1075 2504 Herodot.
1088 2453 1121 2519 .1,

13 2525 18 2550 ³¹
54 2519 86 2583 eo,
103 2523 169 2576 nihil
190 2526 246 2574 uisi
265 2542 388 2594 pugnem
415 2523 444 2574 in
463 2540 533 2591 agro
552 2520 701 2573 Eleusiuio
721 2521 757 2574 ab
776 2520 1122 2593 Atheniensibus-contra

53 2593 145 2647 ricinos
163 2598 342 2648 commissam
363 2603 514 2646 rnemoratr
532 2595 644 2646 viciuos
662 2592 728 2644 illos
747 2603 777 2645 nt
796 2593 961 2646 Eleusinios
973 2595 1122 2650 credamus

12 2701 15 2728 ,
52 2663 115 2716 nulla
133 2673 176 2719 est
193 2669 279 2730 ratio,
299 2675 327 2718 et
346 2683 433 2737 prope
452 2676 558 2718 certum
578 2671 623 2716 est
641 2665 826 2734 Megarenses
838 2664 933 2718 iuiase.
950 2667 1016 2718 vid.
1027 2667 1122 2720 Muel-

12 2733 22 2807 ζ
53 2733 173 2791 ler.l)or.
195 2739 211 2791 1
231 2758 259 2809 p.
289 2739 347 2804 176,
372 2739 417 2790 cui
438 2739 521 2790 etiam
541 2739 602 2804 ipse
621 2735 746 2790 Lobeols.
767 2737 899 2788 concedit
918 2756 944 2808 p.
966 2738 1046 2791 1351.
1082 2740 1122 2792 let

12 2805 20 2860 si
52 2819 148 2861 constat
165 2829 251 2862 sacre
274 2809 423 2862 Eleusinia
444 2811 499 2861 iarn
520 2817 586 2861 ante
605 2807 742 2860 deductas
761 2810 790 2860 in
808 2810 917 2860 leniam
937 2809 1066 2862 enloniea
1085 2810 1121 2863 ab

12 2862 18 2941 ,¹
52 2879 261 2934 Atheniensibus
289 2887 406 2951 accepta
430 2898 502 2934 esse.
527 2879 571 2934 (tf,
591 2877 719 2932 lineolsh.
738 2897 855 2950 prooem
875 2879 934 2933 ind.
953 2878 1030 2934 lectt.
1051 2889 1121 2936 aest.

17 2939 18 2946 ἵ
53 2951 116 3005 1331.
150 2955 181 3006 C.
202 2955 237 3006 F.
257 2954 411 3010 Hermann,
429 2955 460 3006 in
478 2949 799 3006 hier.ech01.1e3311
819 2969 847 3020 p.
867 2951 911 3004 60.

12 3103 17 3130 ι,
107 3073 135 3142 3)
155 3079 304 3149 cecropis,
323 3073 521 3143 Autochthon,
539 3077 658 3140 Actaea,
677 3072 792 3127 Paralia
805 3093 821 3126 a
835 3075 973 3145 Cecrope,
992 3075 1123 3142 (irensis,

12 3175 17 3197 >.
52 3145 143 3213 Atthis,
169 3151 341 3216 Mesogaea,
366 3150 477 3200 Diaeris
501 3165 517 3198 a
541 3148 655 3199 (trenno
681 3145 772 3197 tribus
798 3145 956 3215 appellatae
980 3146 1123 3202 dicuntur.

52 3217 112 3272 Poll.
133 3219 214 3282 tut,
240 3223 288 3272 ltttl
307 3229 336 3272 et
354 3218 402 3271 all.
423 3237 467 3288 ap.
487 3220 594 3270 Meurs.
615 3215 651 3268 de
669 3233 749 3284 regn.
762 3219 823 3268 Att.
843 3217 869 3283 l,
888 3217 913 3269 7.
932 3218 1006 3270 Add.
1018 3218 1121 3290 Stepb.

12 3335 13 3342 ,
53 3288 111 3356 Byz.
135 3311 160 3362 p.
183 3294 240 3345 5:38
266 3290 380 3344 Paneas
404 3289 500 3352 nenses,
519 3285 583 3357 peti
599 3285 763 3352 τῑςἍιπκῆς.
785 3289 852 3338 item
871 3293 982 3362 Accepta
1002 3292 1037 3342 ab
1058 3291 1121 3346 eod.

53 3376 72 3428 p.
87 3363 132 3415 ²35
150 3363 219 3432 potii
237 3364 348 3414 dicitur.
386 3363 429 3414 De
448 3361 491 3412 lris
511 3366 539 3412 et
557 3359 593 3412 de
613 3357 726 3416 iliadis,
746 3357 931 3425 Athenaidis,
950 3362 1122 3416 Posidonia·

53 3431 93 3498 dis,
114 3433 336 3506 Hephaestiadis
360 3432 524 3484 nominibus
549 3430 585 3484 el.
606 3429 641 3482 de
660 3431 767 3487 comiti.
786 3431 855 3484 Ath.
876 3451 903 3504 p.
923 3433 947 3486 7.
967 3436 1067 3488 Meter.
1086 3435 1122 3488 de

13 3535 15 3556 ι
52 3512 114 3568 geue
137 3511 190 3559 Au
223 3525 251 3576 p.
276 3508 302 3560 3.
328 3505 457 3559 Fuerunt
478 3511 570 3555 eutem
590 3504 687 3574 quiin
707 3506 857 3572 postremis
876 3510 1121 3574 qu'attuornomi-

12 3601 14 3638 ,
50 3574 120 3628 nibus
138 3579 275 3630 iodicium
294 3576 349 3629 sibi
368 3573 583 3646 deprehendere
601 3573 768 3627 viderentur
783 3577 927 3628 variarum
941 3576 1121 3646 religionum,

12 3643 14 3712 f
53 3663 124 3714 quum
146 3649 225 3700 eliud
251 3649 287 3700 ab
312 3647 369 3701 alia
386 3656 467 3719 parte
485 3645 583 3719 populi
602 3663 708 3700 numen
725 3649 879 3719 praecipue
897 3646 1005 3702 cultum
1023 3651 1120 3704 crede·

12 3713 14 3796 J
51 3721 377 3774 reut.Vid.1lerrnann·
396 3723 466 3774 Ant.
487 3721 536 3774 ar.
555 3714 580 3789 §-
598 3717 642 3772 93.

108 3822 139 3896 d)
157 3826 204 3879 cf.
225 3825 260 3878 de
279 3826 388 3878 comitt.
407 3823 475 3881 Atb.
493 3843 521 3895 p.
533 3823 586 3878 ³58
603 3829 664 3879 not·
676 3824 720 3880 ³2.

110 3926 140 4000 5)
158 3933 232 3985 Non
254 3937 366 3984 constat
389 3931 424 3984 de
442 3929 529 3985 buius
547 3929 671 3984 nominis
689 3949 760 3983 vera
776 3929 869 3982 l'orrna
887 3931 990 3984 nedum
1010 3933 1045 3985 de
1064 3937 1120 4002 sig-

50 4000 214 4056 nificatione.
251 4002 310 4056 Sed
334 4004 461 4059 Γελέονῐες
483 4021 581 4056 verum
607 4021 685 4068 esse,
709 4002 786 4074 quod
811 4003 866 4053 iam
891 4003 957 4056 olim
977 4007 1064 4057 statui
1084 4005 1119 4060 de

52 4077 145 4128 comiti.
173 4095 197 4145 p.
223 4077 284 4136 35⁴,
309 4093 386 4126 nuno
409 4094 523 4146 quoque
548 4075 633 4126 credo
653 4092 715 4126 eum
736 4075 771 4126 G.
790 4074 958 4138 Hermanno
974 4075 1063 4146 prael.
1083 4080 1120 4133 nd

12 4153 13 4198 l
50 4140 109 4197 Eur.
130 4147 192 4198 lon.
213 4166 240 4216 p.
262 4147 365 4199 xxrss
377 4148 475 4200 -ΧΧ
482 4147 533 4198 Vl.
554 4147 615 4214 Qui
633 4145 772 4198 Τελεόντων
782 4163 886 4196 nomen
897 4165 995 4199 verum
1007 4157 1120 4219 putant,

12 4261 13 4268 ,
52 4213 92 4266 alii
111 4217 232 4269 colonos
251 4218 425 4281 tributarios,
445 4217 493 4270 elii
512 4217 676 4270 secerdotes
694 4217 849 4283 significari
861 4217 973 4271 volunt.
991 4221 1118 4276 lloeclsh.

51 4283 172 4341 Prooem.
193 4289 271 4342 lectt.
290 4289 387 4342 Berol.
406 4275 483 4341 aest¹
496 4291 571 4342 tarn.
590 4287 634 4354 (et
651 4290 682 4340 in
701 4287 825 4338 Seebod.
846 4289 965 4346 Archiv.
987 4293 1063 4348 leae.
1085 4297 1120 4348 ll'.

53 4373 76 4424 p·
91 4357 146 4429 ao.)
170 4360 307 4414 Mueller.
331 4360 464 4415 Orchom.
489 4379 508 4432 p
533 4361 596 4414 307.
615 4358 651 4410 de
669 4377 741 4412 saer.
759 4360 884 4418 Miner-v.
902 4362 1014 4416 Polied.
1031 4385 1058 4432 p.
1078 4369 1121 4419 12.
