2806 5080
300 335 373 409 148
441 333 469 409 Ι
475 333 515 406 V.
547 332 581 403 l.
605 331 665 404 De
691 330 980 430 Spartanorum
1003 351 1048 401 re
1065 329 1229 429 publico.

296 515 538 597 reficiendum
564 517 696 587 civium
721 507 993 584 multitudinem
1018 511 1156 585 suasit:
1190 511 1252 585 sed
1280 513 1355 587 inle-

298 623 394 694 stam
421 609 666 714 optimatibus
693 633 844 681 causam
870 613 909 681 et
933 606 982 680 ab
1008 607 1133 682 inlidis
1151 614 1356 709 amicispro·

299 716 413 790 ditam
440 737 552 813 quum
577 707 750 782 obtinere
775 731 851 778 non
876 709 1023 804 posset,
1046 712 1223 804 generosi
1237 709 1359 781 consilii

298 819 421 887 morte
475 835 592 881 uenas
618 809 696 880 luit.
734 803 896 876 Meliore
922 829 1101 876 srrrcessu
1128 805 1267 906 aliquot
1287 813 1359 902 post

298 913 406 985 nuruis
418 837 642 980 Cleomenes
658 900 813 976 eandem
828 925 905 973 rem
920 925 1143 998 aggressus,
1157 903 1360 1002 ephororum

299 1009 590 1081 dominationem
623 1003 750 1074 verius
783 1023 893 1099 qrrarn
923 1002 1184 1168 mepistratnm
1221 999 1359 1090 sustulit,

299 1109 453 1180 senatus
478 1101 564 1176 loco
590 1109 900 1198 patronomorum
928 1098 985 1167 col
1004 1101 1128 1194 egium
1153 1100 1360 1186 inst-nunu),

296 1201 421 1294 leuem
447 1201 636 1296 agrariam
661 1193 830 1293 pertulit,
855 1193 1249 1292 civitatemsupplevit‚
1274 1192 1361 1264 ‹lisci-

297 1299 437 1400 plinam
471 1299 636 1367 veterem
666 1293 850 1379 restituit,
881 1315 961 1364 rem
989 1289 1184 1364 militarem
1210 1288 1360 1364 ementa-

298 1397 427 1486 vit¹⁷),
461 1388 735 1490 videbaturque
766 1390 876 1460 etiam
911 1391 1102 1489 antiquum
1129 1388 1290 1488 Spartae
1312 1412 1361 1458 ro·

297 1496 371 1569 bur
409 1496 522 1591 atque
562 1487 744 1559 honorem
784 1486 1045 1558 restituturus:
1083 1485 1151 1558 sed
1188 1490 1226 1558 in
1259 1482 1361 1558 medio

295 1615 422 1664 rerum
449 1611 575 1677 cursu,
600 1587 829 1681 Antigonum
856 1581 1002 1656 hostem
1029 1591 1175 1676 nactus,
1207 1578 1362 1656 blaceio-

296 1691 463 1760 uicarnm
490 1686 621 1755 virium
648 1680 746 1754 mole
773 1705 981 1778 oppressus
1013 1677 1227 1754 succubuit.
1274 1681 1362 1750 llunc

325 1793 528 1856 ostrernnm
554 1803 602 1852 ex
628 1776 915 1851 lleraclidarum
940 1782 1059 1877 stirpe
1085 1803 1215 1876 regem
1242 1777 1363 1875 Sparta

295 1811 429 1955 hahuit
445 1881 507 1965 ¹⁸):
533 1880 668 1975 postea
693 1877 845 1969 tyranni
868 1901 995 1949 rerum
1020 1879 1131 1974 potiti
1146 1874 1363 1947 suntlorma·

297 2005 371 2080 que
397 1981 462 2050 rei·
477 1976 662 2076 publicae,
689 1970 847 2046 sublatis
871 1976 1062 2074 plerisque
1088 1970 1299 2045 Cleomenis
1320 1973 1362 2040 in-

296 2079 451 2168 stitutis,
476 2071 644 2145 nonnihil
670 2075 795 2143 tamen
822 2068 868 2141 erl
903 2077 1051 2144 veteres
1075 2072 1245 2167 Lycurgi
1275 2067 1363 2163 leges

295 2171 428 2246 relicta
453 2196 537 2244 esse
563 2167 787 2261 viteturffl).
838 2165 1363 2262 CeternmvariisiuterSpar·
1388 2199 1389 2240 i

295 2278 406 2343 tanos
446 2276 557 2368 atque
588 2265 762 2338 Achaeos
800 2264 1067 2338 certaminibus
1103 2287 1193 2338 mox
1224 2261 1365 2336 Romani

294 2369 452 2440 immixti
484 2367 610 2436 omnia
642 2389 713 2436 suo
740 2357 927 2437 arbitratu
954 2359 1192 2451 ordinabant,
1219 2359 1389 2458 ereptam}

322 2467 558 2536 erioecorum
591 2465 788 2560 regionem
820 2459 982 2533 Achaeis
1015 2456 1364 2548 contribuehaut²⁰)‚

294 2490 498 2659 ¹§partanis
528 2561 641 2654 ipsis,
673 2558 804 2630 relicta
829 2553 1017 2630 libertatis
1042 2560 1186 2658 specie,
1220 2553 1364 2629 foederis

296 2685 341 2731 nc
367 2658 562 2730 societatis
586 2653 695 2753 leges
719 2652 1036 2756 imponebant²¹).

342 2919 348 2934 ,
370 2861 418 2930 16)
438 2865 563 2916 Peussn.
581 2864 619 2930 11,
638 2862 666 2928 9,
685 2864 710 2916 l.
747 2862 795 2914 Ne
816 2880 853 2914 ue
875 2867 971 2914 temen
996 2868 1126 2916 senatum
1150 2863 1238 2934 plane
1262 2860 1367 2924 sustulit,

295 2937 347 2992 secl
364 2943 536 3010 potestatem
555 2934 753 2988 tantummodo
773 2882 886 2986 alente.
906 2934 976 2985 vid.
995 2935 1123 2988 Boeehh.
1144 2938 1181 2988 ed
1201 2937 1366 3007 conpluscr·

295 3012 357 3082 Ip·
375 3010 437 3063 6⁰5.
476 3010 609 3061 Ceterum
629 3015 864 3077 patrouonrorunr
888 3001 998 3058 nomeu
1024 3011 1109 3062 etiarn
1135 3010 1167 3060 in
1192 3008 1366 3078 inscriptioni·

294 3081 350 3135 bus
368 3081 520 3133 Romanae
538 3081 640 3131 aetatis
659 3084 689 3130 et
707 3097 749 3149 ap.
769 3075 975 3131 Philostratum
993 3081 1044 3132 vit.
1056 3085 1080 3134 A
1103 3077 1193 3132 ollon.
1205 3081 1251 3148 lv,
1263 3081 1297 3134 32
1307 3097 1367 3130 eon·
1387 3125 1388 3128 ,

294 3161 476 3205 memoretur.
514 3150 583 3203 vid.
603 3149 729 3202 Boeclrb.
751 3149 769 3202 l.
791 3149 808 3201 Ι.
846 3151 956 3202 Munus
975 3151 1062 3222 quale
1083 3101 1174 3205 luerit
1198 3170 1258 3204 uon
1279 3151 1367 3222 liquet:

295 3225 346 3277 sed
359 3223 468 3276 honore
479 3241 514 3276 eo
533 3221 706 3292 gaudebunt,
724 3229 756 3274 nt
774 3240 792 3273 a
809 3223 937 3294 principe
949 3222 1064 3292 collegii
1078 3242 1171 3282 sunus
1183 3223 1365 3293 disignuetur.

349 3325 416 3399 ,17)
434 3328 578 3383 Plutarch.
599 3327 709 3381 cleon.
729 3347 752 3380 e.
774 3329 816 3380 ll·

368 3436 414 3504 18)
434 3438 510 3491 Nam
528 3434 693 3506 Agesipolis
711 3434 833 3488 111n0n
850 3435 907 3488 nisi
926 3436 1043 3488 nomine
1061 3441 1146 3489 tenus
1164 3457 1219 3491 rex
1242 3436 1309 3502 fuit,
1331 3453 1366 3486 ee·

295 3515 354 3563 tete
372 3513 466 3562 minor
483 3515 513 3560 et
530 3525 598 3560 mox
616 3507 731 3559 civitate
749 3505 858 3577 pulsus.
895 3506 965 3560 vit.
988 3507 1092 3578 Polyb.
1117 3510 1177 3578 1v,
1201 3512 1254 3578 35,
1278 3507 1366 3564 e-rt

295 3582 333 3635 er.
350 3582 466 3649 xxw,
484 3581 528 3633 ιι.

367 3685 417 3752 19)
438 3686 482 3741 (ll.
502 3687 560 3739 Dio
579 3683 727 3754 chrysost.
747 3703 788 3738 or.
808 3682 898 3742 XXV
915 3705 942 3758 p.
960 3684 1012 3739 281
1033 3695 1063 3740 et
1080 3685 1128 3740 all.
1149 3706 1193 3760 up.
1214 3689 1364 3742 Meursiun.

294 3760 419 3816 Miseett.
439 3760 507 3812 Lae.
527 3759 565 3826 Π,
583 3754 609 3810 li.

343 3858 417 3937 20)
440 3868 479 3920 lli
503 3869 606 3936 postes
631 3863 909 3918 Eleutherolseones
940 3865 1016 3918 dieti.
1061 3863 1105 3918 (ll.
1134 3867 1232 3923 Strub.
1257 3868 1328 3920 vul
1346 3882 1365 3934 p

296 3941 357 3995 662
388 3940 456 3992 biv.
474 3935 607 4004 xxxw,
624 3937 667 3992 36.
697 3938 815 4004 XXXV,
834 3939 877 3993 1³.
907 3936 1039 3994 Mueller.
1059 3939 1089 3992 11
1106 3957 1133 4011 p.
1153 3941 1198 3994 22.

242 4053 246 4062 ’
365 4044 416 4114 ar)
434 4045 530 4100 stata
548 4045 570 4100 1.
588 4044 608 4098 r.

749 4237 924 4268 ‘'k-—
