2814 5080
268 335 342 414 320
472 335 512 412 V.
536 339 597 412 De
620 361 665 412 rc
682 336 843 439 publico
864 336 1162 413 Atheniensem.

268 517 368 595 bello
407 545 452 593 ae
481 545 574 593 mox
611 517 709 592 Phili
737 521 776 617 pi
808 520 978 594 victoriis
1015 523 1117 594 vires
1151 517 1342 596 Athenien·

265 621 360 692 sium
383 621 421 691 in
446 619 669 717 perpetuum
718 616 845 691 rectae
877 625 976 691 suut.
1040 615 1208 692 Tributa
1242 623 1343 693 etiam

262 724 354 814 post
392 716 607 814 reparatum
645 711 928 788 Atheniensium
973 717 1168 814 imperium
1209 720 1345 814 pariter

264 813 377 915 atque
403 816 516 884 autea
532 813 646 884 sociis
658 814 832 908 Imposita
850 813 970 905 erent,
997 837 1210 922 quanquam
1225 813 1344 910 paullo

263 907 430 982 fortasse
455 907 600 983 leviora
623 913 662 980 et
685 912 836 983 nomine
849 913 971 982 minus
990 908 1175 982 invidioso
1187 919 1346 993 vovore'geg

263 1003 422 1097 dIctal).
471 1005 628 1094 Quanta
653 1002 793 1078 luerint
817 1031 840 1078 a
864 1009 1010 1081 nemine
1033 1008 1237 1080 memoriae
1262 1032 1343 1104 pro·

264 1102 382 1176 ditum
409 1104 485 1196 est3
512 1102 579 1177 sed
598 1101 768 1177 deMcc
784 1101 949 1194 talentis,
976 1129 1073 1204 quae
1087 1099 1157 1176 sub
1169 1103 1345 1202 Lycurgo

263 1202 466 1301 quotannis
490 1199 676 1293 redibant,
703 1197 868 1273 dubitari
893 1226 970 1274 uon
996 1203 1124 1300 potest
1143 1205 1231 1300 quio
1248 1199 1347 1274 bona

259 1324 350 1396 pars
374 1295 527 1371 tributis
552 1301 742 1372 sociorum
768 1295 943 1372 coniecta
962 1301 1022 1372 sit.
1065 1299 1244 1372 Ceterum
1259 1296 1345 1372 baec

261 1395 404 1470 tributa
435 1397 522 1468 ante
548 1393 743 1470 Euclidem
779 1391 1090 1468 custodiebantur
1122 1395 1161 1466 et
1198 1393 1344 1494 dispeu-

263 1489 447 1566 sabantur
472 1488 521 1564 ab
537 1489 823 1568 Hellenotamiis
849 1490 977 1566 decem
1005 1494 1203 1592 quotannis
1229 1495 1344 1582 sorte,

257 1591 302 1662 ut
325 1586 486 1681 videtur,
519 1589 717 1684 creatis⁵)‚
759 1615 945 1694 quumque
978 1585 1027 1662 ab
1060 1591 1167 1662 initio
1200 1591 1266 1661 uui
1289 1593 1342 1662 rei

257 1685 409 1760 militari
443 1684 492 1758 ad
522 1685 624 1761 bella
656 1689 868 1760 communia
900 1688 1035 1760 contra
1072 1681 1262 1758 barbaros
1288 1690 1342 1759 iu·

258 1787 355 1882 sumi
381 1781 620 1879 debuissent,
657 1809 749 1857 mox
773 1790 898 1858 tamen
921 1783 1172 1858 Athenienses
1197 1780 1255 1855 bis
1280 1810 1343 1881 pe-

257 1883 377 1956 cuniis
413 1883 591 1980 tanquam
623 1883 703 1954 suis
736 1883 790 1954 uti
821 1889 1029 1981 coeperunt
1061 1878 1120 1953 vel
1151 1876 1198 1953 ad
1230 1906 1344 1954 exor-

253 1977 417 2052 nandam
430 1977 563 2082 urbem
577 1975 759 2052 aedificiis
774 1982 941 2080 artisque
957 1975 1148 2148 equibus,
1164 1975 1224 2052 vei
1234 1976 1342 2050 adse-

253 2078 399 2152 storum
415 2079 636 2173 apparatum
647 2073 948 2176 largitionesque
964 2079 980 2148 t
1009 2078 1157 2149 eoricus
1173 2077 1221 2170 ⁶).
1249 2076 1342 2147 Post

253 2171 451 2248 Euclidem
477 2172 775 2248 Hellenotamiae
800 2200 877 2247 non
902 2175 1084 2270 restituti3
1117 2171 1185 2246 sed
1212 2198 1340 2246 eorum

251 2269 340 2344 ioco
368 2269 621 2344 tireorieorum
646 2273 844 2344 curatores
871 2274 1002 2364 creati,
1037 2271 1169 2372 bisque
1194 2271 1339 2342 tantum

249 2370 451 2468 potestatis
493 2367 541 2440 ab
582 2367 693 2442 avida
724 2371 968 2538 larqitionum
997 2365 1109 2467 plebe
1146 2365 1340 2459 tributum,

249 2473 294 2540 ut
326 2464 529 2564 aliquando
564 2468 676 2538 etiam
706 2490 779 2564 opo
808 2472 973 2538 cetarum
1000 2470 1039 2538 et
1063 2463 1340 2538 contrarotulo·

249 2567 361 2658 toris‚
387 2566 467 2636 eius
493 2566 556 2662 qui
581 2565 776 2662 quaestori
799 2571 856 2652 τῆς
877 2565 1058 2642 deernimus
1081 2568 1257 2662 tanquam
1275 2588 1338 2634 cu·

249 2669 332 2738 stos
378 2667 576 2758 appositus
616 2660 758 2752 erat7),
814 2657 1033 2732 muneribus
1076 2655 1338 2756 iungerentur,

248 2766 405 2859 operum
436 2757 672 2856 publicorum
698 2781 824 2830 curam
855 2756 1055 2854 gererent,
1099 2781 1244 2830 omnem
1269 2753 1336 2830 de-

245 2861 361 3032 nique
392 2863 447 2928 rei
477 2857 720 2954 pecuniariae
755 2852 1120 2928 administrationem
1153 2852 1235 2928 sere
1259 2852 1336 2927 soii

243 2955 294 3032 ba
323 2956 431 3034 erent
445 2953 491 3045 8).

647 3117 678 3190 s.
703 3089 917 3172 LXXVIII.

340 3234 647 3314 Extraordiuarii
672 3230 817 3306 reditus
842 3228 1150 3330 percipiebantur
1173 3235 1330 3331 primum

243 3365 265 3415 e
294 3335 440 3439 pracda
471 3331 611 3408 bellica
642 3333 682 3402 in
712 3326 905 3428 publicum
938 3327 1096 3403 redacta
1128 3337 1241 3430 atque
1275 3329 1333 3404 di-

245 3497 442 3514 ——a-——d

313 3558 346 3631 4)
365 3561 625 3631 Harpocraten.
644 3553 776 3617 συντάξεις.
815 3551 965 3607 Wicbers.
985 3553 1022 3606 ad
1042 3553 1223 3626 Theopomp.
1241 3551 1278 3606 fr.
1299 3573 1329 3624 p.

240 3631 369 3690 78.'171.
414 3635 524 3685 Tamen
552 3630 637 3682 etiam
659 3627 749 3702 φόρων
774 3643 879 3680 nornen
903 3643 1002 3678 rursus
1027 3635 1206 3697 usurpatum.
1253 3623 1327 3677 Viri.

238 3704 367 3762 Boeckb.
386 3725 415 3776 p.
433 3705 486 3757 451
505 3720 549 3774 sq.

309 3810 343 3883 b)
363 3808 490 3866 Boeelrir.
509 3811 524 3862 1
542 3827 569 3880 p.
590 3805 739 3862 189-193.

307 3916 340 3989 6)
365 3920 400 3972 In
423 3917 610 3986 inscriptione
637 3930 686 3966 uo.
712 3913 763 3966 147
781 3909 1012 3966 Helleuotamiis'
1026 3910 1164 3982 pecunias
1181 3907 1325 3961 numerari

260 3990 287 4042 'd
354 4009 369 4042 s
394 4007 482 4059 quum
504 3990 534 4039 iu
559 3985 666 4039 cibaria
689 3987 831 4058 equitatus
855 3992 915 4038 turn
933 3985 964 4036 in
984 3980 1148 4036 dioboliam.
1185 3979 1232 4034 CI.
1249 3997 1327 4050 supr.

236 4009 268 4043 Vl
290 4009 353 4043 emir

236 4061 482 4130 enema

110 4165 115 4176 ’
251 4201 262 4208 ·-
307 4162 339 4234 7)
358 4165 427 4219 vid.
446 4184 523 4237 supr.
542 4184 566 4218 o.
584 4165 602 4219 b
621 4162 648 4232 b.
665 4163 710 4218 44·

234 4265 488 4402 loe-Sqffelesehin'.
505 4275 540 4332 in⁴
555 4269 682 4342 Ctesiph.
701 4288 729 4340 p.
747 4267 800 4322 417
819 4285 862 4340 sq.
898 4269 934 4321 In
952 4268 1033 4321 uuir.
1053 4264 1089 4320 oi.
1108 4263 1239 4320 Bocolrlr.
1257 4263 1274 4317 l
1294 4281 1323 4334 p.
