2814 5080
250 342 288 415 7.
318 341 379 417 De
404 339 623 415 oeconomt'a
645 364 707 416 ree
715 340 907 442 publicae.
1017 387 1022 397 ·
1058 349 1133 424 ³05

55 521 250 614 mantur¹¹).
301 522 494 620 ltlaneipia
522 509 649 596 bubus
674 525 836 614 cariora,
862 550 883 598 e
912 529 969 600 uis
993 529 1128 609 viliora

54 625 168 695 erant:
194 643 291 718 quae
316 621 353 690 in
372 617 531 693 metallis
557 646 654 718 opus
676 619 876 716 iaciebant,
942 628 1127 706 emosthe-

52 721 103 790 nis
136 719 305 814 tempore
345 719 513 789 centenis
550 724 589 790 et
624 721 900 818 quinquagenis
938 721 1124 802 drachmis

53 814 228 887 aestimari
261 810 427 884 videmus
442 813 503 908 ¹²),
540 839 608 886 nee
633 813 765 913 majus¹
785 817 866 890 sere
897 825 1124 898 rusticorum

14 917 16 926 '
51 919 106 982 aut
135 909 426 984 domesticorum
464 914 627 1007 pretium
660 911 763 988 credi
794 919 923 1010 potest
937 918 998 1012 ¹³).
1050 927 1124 995 ca.

49 1011 158 1080 riores
184 1009 308 1080 autem
334 1007 443 1079 erant
468 1011 567 1080 servi
594 1007 754 1105 opifices
772 1017 836 1082 aut
857 1012 1034 1110 artifices,
1061 1023 1125 1116 qui

47 1107 238 1201 pensiones
270 1103 372 1188 heris
406 1099 663 1204 serebantu),
703 1112 768 1178 ant
794 1105 1032 1187 delicatiores
1056 1117 1124 1211 itti,

49 1204 101 1301 qui
123 1199 229 1274 luxui
255 1202 293 1277 et
317 1197 502 1299 voluptati
527 1199 849 1300 inserviebant15).

455 1396 486 1476 s.
518 1365 724 1464 uxum
769 1409 771 1414 ·

130 1536 224 1612 Sum
252 1536 356 1609 tuum
380 1538 538 1635 primum
564 1562 687 1636 genus
699 1536 790 1611 illud
807 1545 994 1639 ponimus,
1021 1545 1124 1647 quod
1226 1547 1230 1558 ’

45 1637 76 1705 in
103 1659 180 1708 rem
214 1563 375 1707 (lisinam
408 1629 456 1706 ab
492 1632 788 1709 Atheniensibus
813 1641 1121 1740 impendebatur3

46 1730 135 1829 qnod
166 1731 317 1832 quidem
343 1732 449 1803 tauto
475 1731 574 1829 apud
602 1757 670 1805 eos
695 1737 816 1806 mains
842 1742 944 1830 erat,
979 1749 1120 1840 quanto

43 1827 141 1923 plura
164 1853 259 1927 prae
284 1830 422 1902 ceteris
455 1829 614 1901 Graecis
640 1829 814 1904 omnibus
839 1829 939 1907 l'esta
963 1835 1121 1912 Athenis

44 1928 235 2024 quotannis
261 1921 443 1999 celebrari
476 1923 651 1999 solebant
666 1928 711 2024 ¹),
738 1932 951 2028 quantoque
967 1932 1121 2031 longius

43 2021 161 2119 populi
187 2025 378 2121 ingenium
413 2021 634 2095 iudeorum
661 2021 763 2096 cultu
788 2027 900 2125 atque
927 2025 1071 2103 honore
1097 2057 1121 2104 a

42 2123 285 2215 parsimoniae
317 2116 441 2192 studio
466 2117 711 2194 abhorrebat.
761 2121 883 2196 Erant
907 2128 1031 2200 antem
1057 2153 1119 2200 sa·

44 2241 98 2288 cra
128 2217 202 2292 alia
235 2213 378 2289 civibus
404 2215 579 2289 omnibus
605 2221 814 2290 communie
828 2219 872 2312 ²),
899 2221 974 2296 alia
999 2221 1118 2298 trihu·

41 2307 115 2406 hus,
139 2318 267 2413 pagis,
293 2310 484 2411 phratriis‚
509 2312 701 2412 gentibus,
718 2314 867 2389 familiis
881 2320 921 2407 ³),
948 2317 1023 2392 alia
1038 2321 1117 2394 eol·

41 2406 138 2508 legiis
163 2407 401 2512 ²‚quibusdam
444 2414 482 2484 et
523 2437 590 2483 eor
619 2409 745 2485 oribus
775 2415 1000 2513 propria⁴)=
1048 2417 1117 2492 sed

40 2531 101 2580 nos
134 2535 234 2582 nuno
265 2505 311 2580 de
337 2510 384 2580 iis
417 2510 561 2580 tantum
588 2438 785 2606 lbquimur,
819 2537 914 2611 quae
941 2512 989 2585 ab
1017 2519 1117 2589 omni

41 2603 180 2680 civitate
212 2602 515 2704 peragebantur,
553 2630 773 2706 quamquam
805 2612 916 2682 etiam
950 2609 1115 2713 reliquo·
1204 2665 1206 2678 ·

39 2783 227 2796 -ᾕ-α

31 2921 34 2934 ’
94 2917 143 2989 ll)
160 2917 309 2992 Aristoph.
326 2918 424 2973 Nnbb.
442 2937 472 2972 v.
492 2919 527 2972 20
546 2926 575 2971 et
593 2918 674 2973 1220.
754 2935 755 2942 ’

97 3024 142 3093 12)
161 3025 312 3080 Demosth.
330 3029 361 3080 in
379 3029 519 3081 Pantaen.
538 3037 566 3091 P.
584 3024 646 3092 967,
665 3024 707 3080 18.
724 3025 786 3093 972,
804 3023 849 3079 21.
879 3024 1007 3080 Boeekb.
1026 3039 1053 3094 p.
1072 3029 1115 3084 74.

13 3131 16 3136 ’
95 3133 141 3199 13)
160 3133 207 3186 1ι1.
226 3133 296 3212 ibid.
334 3129 383 3202 14)
402 3131 472 3188 vid.
491 3150 567 3203 supr.
586 3151 614 3204 p.
634 3131 696 3186 187.
733 3127 892 3204 15)1d.p.
913 3133 1009 3205 lbsq.

96 3237 123 3305 l)
148 3239 286 3312 Xenopb.
311 3239 347 3293 (le
371 3259 393 3294 r.
419 3241 457 3292 Α.
476 3239 503 3307 3,
521 3239 555 3291 9ε
573 3235 679 3308 ἄγουσιν
695 3235 782 3312 bortis
797 3237 943 3296 διπλασίους
958 3239 974 3305 ἢ
991 3242 1016 3294 ol
1033 3238 1111 3298 tillon

37 3307 150 3364 Iudicem
169 3311 311 3364 festorum
329 3314 489 3364 Atticorum
508 3309 566 3362 vid.
587 3328 632 3380 ap.
653 3312 764 3362 Gorsiu.
784 3311 860 3362 Fast·
878 3314 937 3364 Att.
949 3312 1112 3384 dismxlll,

37 3385 93 3433 tom.
110 3385 138 3437 11
155 3403 185 3455 p.
204 3383 355 3438 289-388.
391 3379 596 3435 Waehsmuth.
615 3381 653 3448 11,
672 3383 690 3434 2
707 3399 735 3452 p.
753 3381 905 3435 ala-257.

94 3488 123 3557 2)
140 3489 269 3561 Aquinio]
283 3489 349 3565 lspo'.
387 3489 527 3560 Harpoer.
545 3485 573 3540 h.
591 3505 620 3540 v.
657 3487 729 3544 Lex.
749 3489 870 3556 Seguer.
889 3507 917 3559 p.
936 3489 999 3544 240.

94 3593 126 3666 3)
154 3594 228 3671 Ἱερὰ
253 3593 405 3666 (pulsaret),
428 3593 582 3666 φρατορικά,
607 3592 740 3662 δημοτικά,
764 3591 933 3666 (yemarent),
958 3596 1109 3671 toreumati.

36 3664 75 3716 01.
92 3685 179 3740 supra
199 3687 260 3740 cap.
280 3669 298 3720 2
317 3668 344 3736 §.
363 3670 407 3732 23,
428 3669 452 3719 l.
472 3669 515 3734 24,
536 3669 560 3718 1.
579 3667 623 3731 25,
643 3667 668 3732 2,
687 3666 731 3731 26,
750 3667 777 3720 3.
1056 3682 1062 3694 '

95 3772 127 3841 4)
148 3773 238 3828 Tales
257 3773 374 3827 luerunt
390 3775 486 3835 θίασοι,
505 3771 540 3824 de
559 3771 663 3844 quibus
682 3770 717 3823 ei.
737 3769 893 3842 spanhem.
913 3771 949 3824 ad
963 3773 1109 3844 Aristoph.

33 3839 102 3896 Plnt.
120 3847 184 3898 507.
223 3845 342 3918 Taylor.
361 3845 398 3897 ad
416 3843 564 3898 Demosth.
583 3845 625 3896 do.
638 3861 736 3898 ooron.
755 3847 786 3895 in
805 3841 920 3896 Sohaef.
941 3861 1036 3914 appar.
1049 3849 1110 3898 orit.

31 3911 96 3977 ΠΡ.
113 3917 175 3971 337.
210 3912 337 3970 Boeokh.
357 3920 442 3988 corp.
460 3918 549 3968 lusor.
569 3917 584 3969 l
604 3927 632 3980 p.
652 3916 705 3969 152
722 3934 736 3967 s
757 3951 763 3965 .
781 3932 835 3966 nos
854 3913 890 3966 ad
908 3914 981 3966 lsae.
1000 3927 1027 3979 p·
1046 3918 1109 3972 423.

33 3981 91 4037 llus
107 3991 253 4058 pertinent
270 3987 452 4060 νουμηνιασταῖ
468 3989 499 4039 in
518 3987 587 4056 Lys.
605 3985 642 4042 fr.
661 4006 704 4058 pr.
724 3990 747 4040 P
770 3988 836 4037 ania
854 4003 899 4055 ap.
918 3983 1025 4037 Athen.
1039 3989 1108 4050 vn,

33 4071 56 4122 p.
78 4058 129 4112 287
152 4060 188 4113 E.
217 4069 246 4114 et
264 4060 387 4132 Heryeh.
407 4059 434 4112 h.
452 4077 488 4126 ν,
508 4067 537 4110 et
553 4058 707 4122 cleoberei,
737 4057 772 4110 de
791 4055 894 4126 quibus
912 4059 971 4110 vid.
989 4057 1106 4127 Menag.

35 4125 65 4176 erl
81 4129 167 4200 Diog.
187 4133 281 4185 Laert.
302 4134 355 4193 Vl,
375 4132 435 4185 101.
471 4131 576 4201 Neque
594 4131 688 4183 minus
706 4130 856 4196 sexaginta
873 4125 925 4189 illi,
944 4131 1038 4198 quiin
1049 4131 1109 4183 lle·

32 4197 119 4254 raeleo
138 4205 290 4256 Diemensi
307 4207 467 4256 conventus
486 4218 572 4268 agere
589 4197 730 4267 solebant,
752 4195 896 4251 Athenae·
914 4199 1036 4271 Xle.
1054 4202 1108 4256 014

34 4267 92 4321 coll.
113 4274 161 4327 VI
185 4294 213 4346 p.
236 4276 298 4344 260,
327 4293 400 4348 quos
422 4270 639 4343 Ampseo‘loicoroes
659 4267 869 4342 Aristophanes
893 4267 963 4325 dioit
979 4271 1106 4327 tharn.

34 4350 58 4397 V.
74 4341 133 4398 612.

852 4436 902 4511 20
