2838 5080
264 323 340 400 400
440 319 506 396 VI.
531 318 592 420 lle
615 315 808 392 institutis
831 315 932 390 iuret
953 321 1141 412 gentium.

160 577 163 582 .
264 502 476 596 moluerit,
501 522 578 575 non
604 498 744 601 liquet:
770 494 873 572 bello
888 497 1013 572 autem
1028 493 1350 595 Peloponnesiaco

264 607 447 680 maiorem
483 595 745 672 tantummodo
785 597 1024 667 Acarnanum
1093 600 1237 688 artem,
1284 625 1353 671 non

265 726 410 794 omnes,
434 693 727 772 Atheniensibus
741 717 782 766 se
796 691 1004 796 adiungere
1019 620 1184 766 videmus
1199 695 1248 791 8).
1278 695 1354 768 Lo-

265 799 504 874 crensium
530 790 792 867 Ozolarnm
818 793 1001 882 civitates,
1034 816 1128 890 quas
1155 817 1294 864 omnes
1319 793 1356 866 li-

206 893 208 905 ’
264 893 381 972 berae
406 895 539 992 suique
563 893 657 964 iuria
672 887 789 964 luisse
814 889 907 960 satis
923 890 1082 988 apparet
1096 890 1145 982 ⁹),
1171 887 1358 965 soednsne

266 992 314 1068 eli
343 987 420 1066 uod
451 997 491 1064 et
523 989 747 1062 societatem
780 987 881 1058 inter
912 1011 954 1059 se
989 983 1192 1060 habuerint
1235 1013 1357 1088 neque

266 1117 288 1164 a
335 1111 459 1164 rmare
485 1113 555 1160 nee
580 1109 725 1184 negare
751 1086 869 1154 ensIm
883 1082 943 1177 ¹⁰).
995 1083 1198 1180 Opuntii
1225 1093 1358 1158 eontra

266 1194 305 1262 et
328 1181 644 1284 Epicnemidii
670 1206 746 1254 non
770 1179 884 1254 modo
910 1177 1097 1269 loederati
1114 1179 1181 1256 sed
1196 1185 1236 1253 in
1255 1188 1360 1256 nnius

269 1285 430 1360 civitatis
464 1307 604 1381 eorpus
635 1279 826 1352 coniuncti
858 1275 977 1350 luisse
1007 1275 1201 1369 vIdentnr‚
1237 1278 1359 1354 donee

264 1377 516 1481 Epicnemidii
549 1375 597 1452 ab
625 1377 805 1476 Opuntiis
839 1370 1213 1474 seiungebantur11).
1268 1380 1360 1452 Item

264 1479 576 1554 Doriensium
601 1473 650 1548 ad
675 1475 887 1548 Parnasum
912 1475 992 1545 tres
1018 1473 1084 1544 aut
1100 1479 1288 1572 quattuor
1313 1481 1361 1548 ei·

265 1577 402 1651 vitatee
427 1577 636 1648 eretissime
663 1567 760 1644 baud
788 1566 901 1642 dubie
930 1571 1031 1642 inter
1064 1597 1105 1643 se
1132 1575 1361 1646 corrinnetoe

265 1671 446 1762 eraot12).
494 1668 811 1744 Phocensiunr
843 1663 1000 1740 duarum
1034 1669 1073 1740 et
1104 1670 1241 1766 viginti
1275 1675 1362 1743 eivi-

264 1773 384 1844 tatum
399 1769 448 1866 13)
475 1793 670 1841 commune
696 1763 895 1838 conellium
927 1763 999 1838 suit
1010 1763 1055 1862 111)
1091 1769 1129 1838 et
1159 1773 1361 1866 perpetua,

264 1874 308 1942 nt
334 1864 492 1956 videtur,
518 1867 684 1938 societas
698 1863 766 1961 ¹⁵),
799 1864 872 1935 nisi
897 1861 999 1962 quod
1030 1862 1169 1961 Ilelpbi
1203 1891 1228 1938 a
1261 1871 1361 1939 eete.

262 1968 319 2040 ris
344 1971 490 2038 mature
516 1959 757 2036 desciverunt
770 1962 831 2058 ¹⁶).
857 1961 917 2034 De
934 1958 1222 2039 'I'bessaliee
1237 1990 1362 2062 popu-

263 2060 311 2136 lis
336 2059 548 2134 minoriboa
575 2059 766 2133 disserere
791 2055 882 2132 nihil
915 2062 1067 2153 attinet,
1101 2084 1215 2160 quum
1249 2088 1362 2160 prae-

265 2163 395 2234 sertim
423 2157 594 2260 plerique
621 2156 754 2230 borum
779 2181 855 2229 non
882 2161 941 2230 sui
966 2161 1061 2231 iuris
1092 2155 1159 2230 sed
1187 2157 1362 2234 Thessa·

262 2255 386 2330 lorum
413 2257 580 2356 imperiis
606 2251 766 2329 obnoxii
792 2263 931 2329 essent.

306 2523 308 2533 ¹
335 2459 366 2530 fl)
385 2461 521 2534 'I'bneyd
539 2464 579 2528 11,
597 2465 624 2519 6.
644 2465 707 2519 102.
744 2459 781 2520 Ti
798 2459 885 2520 καινὸν
901 2465 952 2520 τῶν
966 2463 1134 2540 Ἀκαρνάνων
1151 2483 1363 2519 commemora·

262 2539 312 2588 tur
330 2551 347 2587 a
365 2533 501 2603 Xenopb.
520 2535 598 2589 Ilell.
615 2537 669 2600 IV,
688 2537 717 2604 6,
735 2538 763 2604 4,
784 2547 813 2591 et
835 2537 850 2605 ἢ
872 2535 944 2604 κοινὴ
965 2541 1082 2605 ἐκκλησία
1105 2546 1172 2610 post
1198 2537 1364 2591 Alexandri

261 2614 392 2678 tempora
410 2625 429 2660 ι
448 2607 570 2662 Diodor.
589 2609 674 2674 XIX,
693 2610 737 2663 67.
776 2609 820 2664 ttl'.
838 2609 943 2680 Polyb.
962 2611 1022 2679 lx,
1046 2613 1094 2678 82,
1120 2611 1140 2664 3
1165 2617 1196 2662 et
1221 2609 1261 2666 el.
1289 2629 1365 2682 pm.

263 2677 364 2733 Tium.
390 2698 419 2751 p.
445 2679 505 2734 728.
529 2699 546 2732 e
570 2699 627 2753 qno
652 2699 727 2752 quae
751 2690 991 2736 oommemoratur
1012 2685 1161 2754 inscriptio
1181 2688 1269 2734 extet
1287 2699 1365 2734 nune

260 2750 292 2802 in
313 2752 399 2823 (torp.
418 2751 509 2804 Inter.
528 2753 558 2806 II
576 2770 624 2806 no.
646 2753 725 2809 1703.
752 2753 806 2806 Est
825 2773 859 2806 ea
877 2757 1003 2807 incertae
1023 2757 1133 2815 aetatis,
1152 2754 1205 2806 sed
1226 2763 1299 2825 post
1318 2753 1363 2806 01.

263 2821 318 2875 140
335 2826 456 2894 reriptr.
494 2825 710 2878 Commemorat
726 2822 775 2880 retr
809 2823 888 2879 ανλᾶν
905 2827 952 2880 καὶ
969 2825 996 2880 τὸ
1013 2823 1100 2879 καινὸν
1114 2826 1166 2878 τῶν
1182 2826 1363 2898 Ἀκαρνάνων,

261 2899 425 2966 γραμματέα
443 2894 490 2952 tric
505 2896 603 2961 enter,
620 2897 762 2970 στρατηγόν
797 2897 833 2952 ef.
851 2899 914 2952 Liv-
933 2899 1085 2961 XXXIII,
1109 2895 1185 2966 10),
1213 2907 1365 2967 praeterea

262 2965 400 3038 koendtw
422 2967 568 3038 Apollini·
591 2972 719 3038 Aminei,
745 2969 923 3042 πραμνάμανα
953 2970 1082 3043 duosque
1105 2970 1362 3040 ανμπραμνάμαναε

260 3035 301 3089 m
317 3038 430 3090 Aetieei
449 3039 563 3110 quidem
581 3039 728 3112 Apollini·
745 3059 828 3094 uera
845 3042 952 3096 Strabo
970 3042 1040 3108 vn,
1059 3042 1075 3095 7
1093 3061 1119 3112 p·
1138 3043 1194 3095 ³2⁵
1213 3044 1275 3093 iam
1296 3041 1362 3093 olim

261 3105 298 3160 sb
317 3107 424 3162 aneoli·
443 3110 590 3164 celebrate
608 3119 739 3180 tentetur,
762 3115 921 3168 instaurate
940 3113 1044 3166 deinde
1068 3120 1097 3166 et
1119 3111 1303 3183 amplificate
1327 3113 1360 3164 ab

258 3181 523 3321 ἓαῦεῗιοῄ-ιῦο
539 3183 743 3238 demonibus
760 3184 897 3260 detoIIoo
914 3185 1028 3240 foederi
1046 3184 1190 3240 ediunetir
1209 3185 1276 3240 rid.
1293 3185 1358 3240 intr.

421 3285 430 3317 2

328 3357 359 3428 e)
379 3357 516 3434 nunqu.
534 3363 585 3432 nr,
603 3362 666 3418 ror.

331 3462 384 3534 10)
402 3467 571 3525 Notandum
591 3477 687 3524 tamen
706 3471 783 3543 quod
792 3471 899 3527 Strabo
908 3474 962 3536 lx,
980 3471 1000 3526 3
1016 3491 1043 3540 p.
1054 3467 1107 3524 410
1124 3469 1258 3542 δημαήαν
1274 3488 1359 3544 eppe·

257 3534 323 3609 yida
342 3538 444 3594 Ozolis
463 3551 607 3613 tamquam
627 3545 789 3599 eoniunetir
807 3546 917 3615 tribuit,
935 3548 966 3598 in
985 3563 1042 3618 qne
1065 3541 1222 3598 habuerint
1249 3542 1297 3598 nir
1318 3545 1357 3598 ie·

256 3627 337 3686 κέν’
353 3609 451 3686 ‘ime‘
466 3613 705 3689 ’ννννοαννὲνοκ

250 3759 254 3766 .
327 3713 378 3789 11)
400 3719 560 3774 'I'lttmenm
579 3742 607 3794 p.
625 3724 688 3780 711.
707 3723 769 3780 712.
804 3723 852 3779 (ll-
871 3719 970 3778 Sobel.
990 3721 1075 3776 I'ind.
1094 3719 1214 3794 olymp.
1231 3721 1298 3790 XI,
1316 3721 1355 3775 le

255 3785 359 3864 Stepb.
378 3793 453 3862 Byr.
469 3812 493 3847 ι.
512 3813 541 3848 v·
556 3792 658 3858 Ὀζόλαι.

325 3893 373 3964 12)
393 3895 529 3971 'I'bueyd
547 3903 571 3970 1,
590 3903 653 3958 107.

326 4001 375 4070 10)
393 4006 545 4066 Demoetb.
565 4009 601 4064 de
619 4011 640 4066 I.
660 4011 718 4084 leg.
735 4033 765 4086 p.
783 4012 846 4070 070.

324 4103 377 4176 ¹⁴)
395 4108 494 4168 seu.
511 4117 566 4186 rx,
584 4119 603 4174 e
620 4137 649 4192 p.
662 4120 717 4175 eea
735 4127 809 4175 exe.
839 4115 1098 4186 oemmavn,
1116 4113 1163 4187 1⁶,
1181 4113 1212 4170 e.
1229 4114 1308 4184 x‚⁵‚
1326 4110 1350 4164 ¹·

324 4212 373 4282 lo)
392 4215 440 4274 (ll.
459 4220 664 4281 Weehrmntb.
682 4227 699 4280 1
716 4246 743 4299 p.
761 4227 825 4292 126,
842 4227 869 4283 ὅ.

320 4313 372 4389 10)
392 4322 465 4387 vid.
483 4327 560 4417 supr.
578 4351 604 4394 e.
622 4334 651 4392 4.
669 4333 697 4406 ς.
717 4334 763 4402 10,
780 4334 808 4391 4.
