2840 5084
266 343 315 418 24
435 344 470 422 1.
495 347 555 422 ne
586 345 775 421 Graecam
798 343 877 420 ritu
902 369 1031 440 moga.
1052 359 1186 448 pontt.

271 526 402 602 divisa.
451 527 537 601 Una
564 552 668 627 pars,
701 531 888 604 Boeotiae
921 531 1177 622 contermina,
1211 528 1352 606 Citbae·

174 659 181 672 ’
271 651 384 718 rone,
429 624 623 700 Parnetbo
661 626 699 699 et
742 623 877 702 borum
914 623 1100 702 tractibus
1139 624 1239 699 inira
1275 653 1354 726 pro-

273 717 512 796 currentibus
535 729 749 816 montuosa,
774 723 795 814 ἦ
816 725 956 816 drancio,
978 725 1085 816 ὀρεινὴ
1104 723 1233 813 'Arm'
1248 726 1298 818 ¹),
1335 750 1355 796 a

272 817 570 919 Dryoscepbalis
611 846 730 922 usque
770 819 817 893 ad
857 821 1096 920 Cynosuram
1143 821 1355 918 promonto-

272 920 368 992 rium
395 915 611 990 extenditur
623 918 669 1013 2').
718 915 850 991 Altera
873 916 1035 1016 planior,
1062 921 1208 1016 campis
1232 922 1355 1014 paten-

273 1009 450 1106 tioribns,
473 1013 666 1089 montibus
689 1011 935 1113 paucioribus
966 1019 1090 1114 iisque
1121 1013 1279 1088 modicis
1306 1017 1355 1086 in·

273 1113 439 1184 terieclis
452 1110 508 1208 ³),
533 1110 632 1186 iul'ra
647 1113 839 1186 Diacriam
852 1138 876 1184 a
890 1115 1094 1212 Cynosura
1108 1109 1158 1185 ad
1170 1113 1356 1186 Zostcrcm

272 1213 572 1308 promontorium
594 1211 800 1309 pertinens,
825 1234 900 1310 qua
924 1206 972 1280 ad
996 1234 1101 1284 mare
1125 1209 1245 1308 patet,
1263 1207 1359 1297 ’Λπηζ

275 1309 432 1380 interius
464 1309 579 1378 πεδίον
603 1310 670 1380 aut
691 1310 849 1396 μεσόγαια
874 1309 1032 1380 vocatur
1044 1303 1093 1403 l).
1146 1307 1280 1379 Tertia
1303 1303 1357 1378 de·
1408 1383 1409 1392 χ

274 1401 629 1596 illitati-lli
629 1407 874 1602 11111111ἶῖ.
893 1401 1123 1580 illitati.
1137 1403 1358 1598 gulgffl

274 1599 421 1672 Atticae
447 1601 559 1674 etiam
584 1604 621 1672 in
647 1537 922 1696 campestriblrs
946 1589 1173 1695 regionibus
1193 1597 1302 1672 tenue
1326 1598 1359 1670 et
1408 1661 1409 1664 ,

275 1694 463 1770 Boeotiae
480 1695 664 1772 fertilitati
678 1694 780 1786 nullo
797 1695 911 1769 modo
926 1693 1234 1796 comparandum,
1260 1697 1357 1794 aquis
1408 1735 1409 1766 ι

275 1817 354 1866 nou
379 1797 473 1866 satis
497 1797 695 1892 irriguum,
720 1819 790 1868 nec
815 1792 991 1868 frumenti
1017 1792 1219 1868 admodum
1244 1787 1356 1882 ferax,
1408 1823 1409 1864 3

275 1913 398 1990 neque
433 1888 545 1968 boum
575 1895 641 1966 aut
675 1915 857 1992 equorum
881 1887 1068 1990 gregibus
1094 1888 1241 1965 alendis
1265 1884 1357 1962 sulli-

277 1987 381 2060 ciens
395 1990 435 2076 ⁶).
486 1987 606 2065 oteao
640 1991 766 2062 tamen
800 1994 839 2064 et
869 1987 964 2062 ficus
987 1986 1171 2088 plurimae
1197 1991 1235 2061 et
1256 2009 1356 2085 prae·

277 2085 531 2180 stantissimae
546 2091 773 2184 proveniunt
786 2087 835 2180 ⁷),
862 2088 901 2158 ct
915 2089 1039 2160 vinum
1056 2111 1132 2186 quo
1159 2111 1220 2178 ue,
1245 2105 1358 2183 quom·

221 2231 228 2240 ·
277 2206 386 2281 quam
400 2187 522 2257 minus
533 2208 762 2281 generosum
776 2183 821 2280 8).
846 2184 998 2260 Montes
1010 2186 1115 2257 silvis
1130 2111 1212 2258 lqere
1225 2179 1356 2267 carent,
1408 2221 1409 2256 t

175 2315 177 2318 ·
278 2276 345 2350 sed
369 2283 517 2378 pecori,
551 2283 675 2378 capris
703 2282 908 2380 vpraecipue
933 2278 1141 2450 pascendis
1172 2277 1356 2368 idonei⁹):

277 2399 399 2543 nerpre
441 2387 533 2476 apes
569 2376 752 2454 tacendae
793 2385 881 2451 snut
914 2381 931 2450 t
951 2403 1119 2478 puroque
1157 2373 1356 2472 fragrantia
1408 2409 1409 2424 ¹

278 2470 474 2572 mela¹⁰):
520 2499 639 2576 porro
679 2479 718 2548 in
758 2474 840 2549 aliis
877 2479 1076 2548 marmoris
1106 2471 1355 2645 praestantis·

279 2571 363 2646 simi
379 2571 449 2672 ¹¹),
473 2576 511 2648 in
537 2571 622 2649 aliis
648 2575 799 2675 argenti
821 2569 974 2650 metalla
987 2573 1048 2674 ¹²).
1142 2573 1258 2648 ittora
1290 2565 1355 2641 Sa·
1407 2661 1409 2671 A

279 2749 479 2766 m

349 2849 383 2921 l)
403 2853 500 2908 Strab.
519 2855 573 2924 IX,
593 2854 608 2909 l
626 2874 656 2929 p·
674 2855 737 2912 391.

348 2939 383 3012 2)
402 2942 449 2999 cl.
469 2943 504 3000 de
523 2947 619 2998 comit.
638 2943 745 3000 Athen.
765 2965 795 3017 p.
813 2944 876 3000 813.

348 3027 382 3096 3)
402 3032 436 3085 Ε.
455 3051 478 3086 o.
497 3031 664 3104 Corydona,
682 3033 822 3102 Aegatae,
840 3028 1016 3100 Ancbesmo,
1035 3029 1205 3100 Lycabetto,
1219 3023 1356 3096 Hymetto.
1408 2997 1409 3028 l

279 3101 437 3175 dequibus
456 3104 513 3157 vid.
531 3105 564 3157 M
567 3105 667 3160 noller.
686 3107 716 3157 in
733 3104 835 3158 Erscb.
855 3114 883 3160 et
901 3101 1025 3157 Gruber.
1044 3101 1205 3175 Encyolop.
1224 3105 1290 3151 tom.
1308 3089 1354 3143 Vl·

278 3191 307 3247 p·
325 3176 386 3231 216.
405 3177 494 3232 Krus.
512 3176 590 3232 Heli.
610 3179 648 3247 11,
668 3177 683 3232 l
702 3197 732 3250 p.
747 3177 791 3233 13.
833 3211 836 3216 -

349 3262 380 3330 d)
399 3266 444 3317 De
463 3268 558 3321 comit.
576 3265 646 3322 Aah.
663 3264 723 3323 1.1.

349 3350 380 3418 a)
398 3352 473 3407 naa
1408 3375 1409 3380 Ν

349 3437 382 3510 6)
400 3439 535 3498 Mueller.
553 3439 575 3497 1.
593 3440 613 3498 1.
632 3463 662 3520 p.
678 3444 741 3501 218.
758 3442 821 3500 219.
857 3443 948 3499 Κιιιι.
967 3462 996 3518 p.
1014 3441 1060 3498 37.
1078 3440 1124 3496 ⁵4·
1162 3431 1310 3496 'l'bierscla
1325 3425 1357 3480 lb

349 3617 381 3690 7)
399 3619 489 3674 Krur.
507 3641 535 3694 p.
554 3619 681 3676 45-50.
716 3621 851 3676 Mueller.
868 3641 896 3694 p.
915 3621 978 3680 219.
998 3640 1025 3677 e.

345 3706 381 3776 8)
400 3709 676 3782 Aristophontem.
683 3711 778 3765 alsa
797 3710 983 3775 Nuballro.
1000 3705 1272 3768 WoltadAcbam·
1284 3692 1355 3774 plll·

286 3811 292 3882 ζ
347 3797 382 3865 9)
400 3801 490 3854 Krus.
506 3820 534 3873 p.
553 3802 598 3856 52.
616 3800 663 3855 55.
700 3799 835 3855 Mueller.
851 3819 880 3872 p.
900 3799 962 3855 219.
982 3800 1011 3856 b.

348 3888 395 3955 1⁰)
414 3889 572 3962 Antiphane.
600 3910 645 3966 ap.
664 3888 805 3948 Albense.
825 3891 870 3959 11,
888 3890 924 3946 18
940 3909 968 3963 p.
986 3889 1032 3945 43.
1048 3887 1193 3943 Arcbestr.
1217 3901 1261 3955 ep.
1282 3868 1356 3930 eund·

280 3957 334 4030 ΠΙ,
354 3963 390 4017 oo
407 3983 436 4034 p·
455 3965 508 4018 102
527 3965 565 4017 D.

349 4049 398 4113 11)
420 4050 505 4107 (toni.
522 4057 637 4124 praeter
653 4013 743 4105 Krus.
762 4069 791 4124 p.
809 4047 846 4105 37
866 4053 895 4102 ct
911 4047 1046 4104 Mueller.
1062 4069 1091 4122 p.
1109 4047 1171 4104 218.
1185 4063 1211 4098 a.
1229 4030 1355 4111 imprimi!

277 4121 350 4177 1⁴³3·
367 4121 717 4192 1¹⁰⁸·‚dan1’0ntaliaon
740 4121 788 4176 bei
805 4119 905 4175 Athen
931 4119 992 4174 und
1016 4123 1097 4174 scine
1120 4101 1354 4174 Marmoraruehc

275 4196 307 4248 in
325 4195 427 4248 lilerio
445 4198 549 4250 artium
568 4191 777 4264 (Kumtblatt.)
796 4211 863 4250 ann·
884 4191 955 4248 1837
972 4210 1022 4246 uo.
1041 4193 1131 4248 2-4.

347 4283 392 4346 12)
409 4283 540 4352 Boeclrb‚
558 4283 632 4337 iiber
650 4285 697 4338 die
716 4281 893 4342 Isaurisrben
912 4280 1189 4356 Silberbergwerlre,
1206 4277 1236 4330 in
1254 4271 1353 4326 (tumn.

271 4353 360 4409 dead.
378 4355 497 4410 norun.
516 4373 582 4412 ann.
602 4355 681 4416 1816.
859 4391 861 4398 >
