<?xml version="1.0" encoding="UTF-8"?>
<!DOCTYPE html PUBLIC "-//W3C//DTD XHTML 1.0 Transitional//EN"
    "http://www.w3.org/TR/xhtml1/DTD/xhtml1-transitional.dtd">
<html xmlns="http://www.w3.org/1999/xhtml" xml:lang="en" lang="en">
 <head>
  <title>
</title>
<meta http-equiv="Content-Type" content="text/html;charset=utf-8" />
  <meta name='ocr-system' content='tesseract 3.04.00' />
  <meta name='ocr-capabilities' content='ocr_page ocr_carea ocr_par ocr_line ocrx_word'/>
</head>
<body>
  <div class='ocr_page' id='page_1' title='image "./antiquitatesiur00schogoog_0035.png"; bbox 0 0 2840 5084; ppageno 0'>
   <div class='ocr_carea' id='block_1_1' title="bbox 244 327 1161 430">
    <p class='ocr_par' dir='ltr' id='par_1_1' title="bbox 244 327 1161 430">
     <span class='ocr_line' id='line_1_1' title="bbox 244 327 1161 430; baseline -0.003 -25"><span class='ocrx_word' id='word_1_1' title='bbox 244 329 296 405; x_wconf 84' lang='grc'>22</span> <span class='ocrx_word' id='word_1_2' title='bbox 409 330 450 404; x_wconf 70' lang='grc' dir='ltr'><strong>Ἰ.</strong></span> <span class='ocrx_word' id='word_1_3' title='bbox 476 329 536 403; x_wconf 86' lang='lat' dir='ltr'>De</span> <span class='ocrx_word' id='word_1_4' title='bbox 563 327 754 401; x_wconf 76' lang='lat' dir='ltr'><strong><em>Graeciae</em></strong></span> <span class='ocrx_word' id='word_1_5' title='bbox 777 327 857 402; x_wconf 77' lang='lat' dir='ltr'>cita</span> <span class='ocrx_word' id='word_1_6' title='bbox 880 351 1012 423; x_wconf 81' lang='lat' dir='ltr'>moga.</span> <span class='ocrx_word' id='word_1_7' title='bbox 1031 341 1161 430; x_wconf 79' lang='lat' dir='ltr'>parit.</span> 
     </span>
    </p>
   </div>
   <div class='ocr_carea' id='block_1_2' title="bbox 246 506 1339 783">
    <p class='ocr_par' dir='ltr' id='par_1_2' title="bbox 246 506 1339 783">
     <span class='ocr_line' id='line_1_2' title="bbox 246 506 1336 608; baseline -0.004 -20"><span class='ocrx_word' id='word_1_8' title='bbox 246 513 370 588; x_wconf 86' lang='lat' dir='ltr'>latera</span> <span class='ocrx_word' id='word_1_9' title='bbox 409 515 513 586; x_wconf 87' lang='lat' dir='ltr'>sinus</span> <span class='ocrx_word' id='word_1_10' title='bbox 551 506 773 584; x_wconf 86' lang='lat' dir='ltr'>Ambracius</span> <span class='ocrx_word' id='word_1_11' title='bbox 788 508 837 608; x_wconf 84' lang='lat'>¹⁵)</span> <span class='ocrx_word' id='word_1_12' title='bbox 876 511 915 586; x_wconf 90' lang='lat' dir='ltr'>et</span> <span class='ocrx_word' id='word_1_13' title='bbox 944 535 1049 587; x_wconf 89' lang='lat' dir='ltr'>mare</span> <span class='ocrx_word' id='word_1_14' title='bbox 1086 508 1254 586; x_wconf 89' lang='lat' dir='ltr'>Siculum</span> <span class='ocrx_word' id='word_1_15' title='bbox 1287 510 1336 584; x_wconf 88' lang='lat' dir='ltr'>ul·</span> 
     </span>
     <span class='ocr_line' id='line_1_3' title="bbox 247 606 1339 711; baseline -0.005 -26"><span class='ocrx_word' id='word_1_16' title='bbox 247 610 366 687; x_wconf 91' lang='lat' dir='ltr'>luunt.</span> <span class='ocrx_word' id='word_1_17' title='bbox 417 606 569 682; x_wconf 86' lang='lat' dir='ltr'>incolae</span> <span class='ocrx_word' id='word_1_18' title='bbox 602 612 728 682; x_wconf 85' lang='lat' dir='ltr'>tamen</span> <span class='ocrx_word' id='word_1_19' title='bbox 761 607 876 708; x_wconf 80' lang='lat' dir='ltr'>longe</span> <span class='ocrx_word' id='word_1_20' title='bbox 908 613 1031 683; x_wconf 91' lang='lat' dir='ltr'>miuus</span> <span class='ocrx_word' id='word_1_21' title='bbox 1066 634 1176 711; x_wconf 90' lang='lat' dir='ltr'>qnam</span> <span class='ocrx_word' id='word_1_22' title='bbox 1216 608 1339 683; x_wconf 89' lang='lat' dir='ltr'>Aetoli</span> 
     </span>
     <span class='ocr_line' id='line_1_4' title="bbox 250 703 677 783; baseline -0.007 0"><span class='ocrx_word' id='word_1_23' title='bbox 250 733 333 783; x_wconf 88' lang='lat' dir='ltr'>cum</span> <span class='ocrx_word' id='word_1_24' title='bbox 359 703 532 781; x_wconf 86' lang='lat' dir='ltr'>barbaris</span> <span class='ocrx_word' id='word_1_25' title='bbox 556 709 677 780; x_wconf 85' lang='lat' dir='ltr'><strong>mixti.</strong></span> 
     </span>
    </p>
   </div>
   <div class='ocr_carea' id='block_1_3' title="bbox 683 872 864 956">
    <p class='ocr_par' dir='ltr' id='par_1_3' title="bbox 683 872 864 956">
     <span class='ocr_line' id='line_1_5' title="bbox 683 872 864 956; baseline -0.055 0"><span class='ocrx_word' id='word_1_26' title='bbox 683 872 688 878; x_wconf 71' lang='grc'><strong>’</strong></span> <span class='ocrx_word' id='word_1_27' title='bbox 739 878 773 956; x_wconf 78' lang='lat' dir='ltr'>t·</span> <span class='ocrx_word' id='word_1_28' title='bbox 798 874 864 947; x_wconf 79' lang='lat' dir='ltr'>lv,</span> 
     </span>
    </p>
   </div>
   <div class='ocr_carea' id='block_1_4' title="bbox 250 1005 1341 1474">
    <p class='ocr_par' dir='ltr' id='par_1_4' title="bbox 250 1005 1341 1474">
     <span class='ocr_line' id='line_1_6' title="bbox 348 1005 1338 1082; baseline -0.002 0"><span class='ocrx_word' id='word_1_29' title='bbox 348 1010 420 1082; x_wconf 87' lang='lat' dir='ltr'>llic</span> <span class='ocrx_word' id='word_1_30' title='bbox 451 1005 500 1080; x_wconf 89' lang='lat' dir='ltr'>nd</span> <span class='ocrx_word' id='word_1_31' title='bbox 534 1033 710 1080; x_wconf 90' lang='lat' dir='ltr'>occasum</span> <span class='ocrx_word' id='word_1_32' title='bbox 737 1008 923 1080; x_wconf 79' lang='lat' dir='ltr'>Graeciae</span> <span class='ocrx_word' id='word_1_33' title='bbox 956 1010 1150 1081; x_wconf 88' lang='lat' dir='ltr'>terminus.</span> <span class='ocrx_word' id='word_1_34' title='bbox 1200 1008 1338 1082; x_wconf 83' lang='lat' dir='ltr'>Rever-</span> 
     </span>
     <span class='ocr_line' id='line_1_7' title="bbox 252 1103 1338 1183; baseline -0.004 -1"><span class='ocrx_word' id='word_1_35' title='bbox 252 1111 305 1183; x_wconf 86' lang='lat' dir='ltr'>sis</span> <span class='ocrx_word' id='word_1_36' title='bbox 337 1107 463 1180; x_wconf 88' lang='lat' dir='ltr'>autem</span> <span class='ocrx_word' id='word_1_37' title='bbox 497 1103 546 1177; x_wconf 90' lang='lat' dir='ltr'>ad</span> <span class='ocrx_word' id='word_1_38' title='bbox 570 1106 784 1178; x_wconf 82' lang='lat' dir='ltr'><strong>Parnasum</strong></span> <span class='ocrx_word' id='word_1_39' title='bbox 818 1103 919 1177; x_wconf 88' lang='lat' dir='ltr'>edita</span> <span class='ocrx_word' id='word_1_40' title='bbox 950 1107 1050 1178; x_wconf 93' lang='lat' dir='ltr'>inter</span> <span class='ocrx_word' id='word_1_41' title='bbox 1082 1105 1181 1178; x_wconf 90' lang='lat' dir='ltr'>huuc</span> <span class='ocrx_word' id='word_1_42' title='bbox 1208 1107 1247 1178; x_wconf 89' lang='lat' dir='ltr'>et</span> <span class='ocrx_word' id='word_1_43' title='bbox 1270 1109 1338 1182; x_wconf 88' lang='lat' dir='ltr'>Oe·</span> 
     </span>
     <span class='ocr_line' id='line_1_8' title="bbox 250 1199 1339 1301; baseline -0.005 -22"><span class='ocrx_word' id='word_1_44' title='bbox 250 1209 326 1280; x_wconf 90' lang='lat' dir='ltr'>tam</span> <span class='ocrx_word' id='word_1_45' title='bbox 348 1203 432 1277; x_wconf 87' lang='lat' dir='ltr'>loca</span> <span class='ocrx_word' id='word_1_46' title='bbox 452 1205 658 1275; x_wconf 88' lang='lat' dir='ltr'>occurrunt</span> <span class='ocrx_word' id='word_1_47' title='bbox 676 1201 723 1274; x_wconf 89' lang='lat' dir='ltr'>ad</span> <span class='ocrx_word' id='word_1_48' title='bbox 740 1199 851 1276; x_wconf 84' lang='lat' dir='ltr'>Pindi</span> <span class='ocrx_word' id='word_1_49' title='bbox 869 1203 908 1274; x_wconf 94' lang='lat' dir='ltr'>et</span> <span class='ocrx_word' id='word_1_50' title='bbox 923 1201 1077 1301; x_wconf 82' lang='lat' dir='ltr'>Cephisi</span> <span class='ocrx_word' id='word_1_51' title='bbox 1099 1199 1339 1295; x_wconf 85' lang='lat' dir='ltr'>conduentes,</span> 
     </span>
     <span class='ocr_line' id='line_1_9' title="bbox 251 1295 1341 1474; baseline -0.004 -98"><span class='ocrx_word' id='word_1_52' title='bbox 251 1327 412 1474; x_wconf 74' lang='lat' dir='ltr'>puerum</span> <span class='ocrx_word' id='word_1_53' title='bbox 425 1295 1158 1390; x_wconf 83' lang='lat' dir='ltr'>alterabCeta,alteraParnasodetluit</span> <span class='ocrx_word' id='word_1_54' title='bbox 1173 1301 1219 1400; x_wconf 84' lang='lat'>¹).</span> <span class='ocrx_word' id='word_1_55' title='bbox 1242 1301 1341 1373; x_wconf 89' lang='lat' dir='ltr'>llaec</span> 
     </span>
    </p>
   </div>
   <div class='ocr_carea' id='block_1_5' title="bbox 250 1394 1409 3158">
    <p class='ocr_par' dir='ltr' id='par_1_5' title="bbox 250 1394 1409 3158">
     <span class='ocr_line' id='line_1_10' title="bbox 268 1394 1341 1499; baseline -0.005 -26"><span class='ocrx_word' id='word_1_56' title='bbox 268 1399 483 1473; x_wconf 79' lang='lat' dir='ltr'>oca‘llores</span> <span class='ocrx_word' id='word_1_57' title='bbox 506 1395 741 1490; x_wconf 89' lang='lat' dir='ltr'>insederunt,</span> <span class='ocrx_word' id='word_1_58' title='bbox 770 1423 900 1470; x_wconf 91' lang='lat' dir='ltr'>eorum</span> <span class='ocrx_word' id='word_1_59' title='bbox 923 1401 1099 1490; x_wconf 89' lang='lat' dir='ltr'>maiores,</span> <span class='ocrx_word' id='word_1_60' title='bbox 1123 1400 1189 1499; x_wconf 90' lang='lat' dir='ltr'>qni</span> <span class='ocrx_word' id='word_1_61' title='bbox 1212 1394 1341 1470; x_wconf 87' lang='lat' dir='ltr'>deiude</span> 
     </span>
     <span class='ocr_line' id='line_1_11' title="bbox 250 1491 1409 1594; baseline -0.005 -24"><span class='ocrx_word' id='word_1_62' title='bbox 250 1495 558 1594; x_wconf 89' lang='lat' dir='ltr'>Peloponnesum</span> <span class='ocrx_word' id='word_1_63' title='bbox 585 1493 666 1568; x_wconf 87' lang='lat' dir='ltr'>sere</span> <span class='ocrx_word' id='word_1_64' title='bbox 693 1502 809 1566; x_wconf 90' lang='lat' dir='ltr'>totam</span> <span class='ocrx_word' id='word_1_65' title='bbox 836 1496 1083 1592; x_wconf 85' lang='lat' dir='ltr'>occuparunt.</span> <span class='ocrx_word' id='word_1_66' title='bbox 1108 1541 1158 1552; x_wconf 88' lang='lat'>—</span> <span class='ocrx_word' id='word_1_67' title='bbox 1204 1496 1272 1567; x_wconf 89' lang='lat' dir='ltr'>llis</span> <span class='ocrx_word' id='word_1_68' title='bbox 1297 1491 1340 1566; x_wconf 85' lang='lat' dir='ltr'>ad</span> <span class='ocrx_word' id='word_1_69' title='bbox 1408 1523 1409 1564; x_wconf 63' lang='grc' dir='ltr'>ι</span> 
     </span>
     <span class='ocr_line' id='line_1_12' title="bbox 253 1589 1409 1668; baseline -0.003 -2"><span class='ocrx_word' id='word_1_70' title='bbox 253 1592 425 1668; x_wconf 78' lang='lat' dir='ltr'><strong>dextram</strong></span> <span class='ocrx_word' id='word_1_71' title='bbox 456 1616 507 1666; x_wconf 87' lang='lat' dir='ltr'>ex</span> <span class='ocrx_word' id='word_1_72' title='bbox 533 1592 689 1666; x_wconf 81' lang='lat' dir='ltr'>Oetaeis</span> <span class='ocrx_word' id='word_1_73' title='bbox 713 1589 905 1664; x_wconf 87' lang='lat' dir='ltr'>montibus</span> <span class='ocrx_word' id='word_1_74' title='bbox 932 1592 1076 1664; x_wconf 92' lang='lat' dir='ltr'>Eurum</span> <span class='ocrx_word' id='word_1_75' title='bbox 1102 1595 1341 1666; x_wconf 88' lang='lat' dir='ltr'>versuane·</span> <span class='ocrx_word' id='word_1_76' title='bbox 1408 1625 1409 1662; x_wconf 70' lang='lat'><em>÷</em></span> 
     </span>
     <span class='ocr_line' id='line_1_13' title="bbox 251 1688 1409 1792; baseline -0.002 -28"><span class='ocrx_word' id='word_1_77' title='bbox 251 1694 323 1764; x_wconf 89' lang='lat' dir='ltr'>mie</span> <span class='ocrx_word' id='word_1_78' title='bbox 350 1691 518 1787; x_wconf 80' lang='lat' dir='ltr'>assurgit</span> <span class='ocrx_word' id='word_1_79' title='bbox 531 1688 578 1781; x_wconf 84' lang='lat'>²),</span> <span class='ocrx_word' id='word_1_80' title='bbox 605 1717 713 1792; x_wconf 87' lang='lat' dir='ltr'>quem</span> <span class='ocrx_word' id='word_1_81' title='bbox 742 1688 919 1787; x_wconf 83' lang='lat' dir='ltr'>deinceps</span> <span class='ocrx_word' id='word_1_82' title='bbox 943 1692 1126 1763; x_wconf 90' lang='lat' dir='ltr'>Acontius</span> <span class='ocrx_word' id='word_1_83' title='bbox 1158 1716 1242 1764; x_wconf 88' lang='lat' dir='ltr'>curn</span> <span class='ocrx_word' id='word_1_84' title='bbox 1270 1689 1341 1764; x_wconf 86' lang='lat' dir='ltr'>lle·</span> <span class='ocrx_word' id='word_1_85' title='bbox 1408 1719 1409 1762; x_wconf 65' lang='lat' dir='ltr'>i</span> 
     </span>
     <span class='ocr_line' id='line_1_14' title="bbox 255 1786 1409 1886; baseline 0 -26"><span class='ocrx_word' id='word_1_86' title='bbox 255 1786 371 1884; x_wconf 91' lang='lat' dir='ltr'>dylio,</span> <span class='ocrx_word' id='word_1_87' title='bbox 397 1788 539 1879; x_wconf 89' lang='lat' dir='ltr'>Ptoou,</span> <span class='ocrx_word' id='word_1_88' title='bbox 567 1789 770 1882; x_wconf 82' lang='lat' dir='ltr'>Corycion,</span> <span class='ocrx_word' id='word_1_89' title='bbox 796 1787 943 1860; x_wconf 89' lang='lat' dir='ltr'>Parnes</span> <span class='ocrx_word' id='word_1_90' title='bbox 957 1787 1153 1886; x_wconf 88' lang='lat' dir='ltr'>excipiunt</span> <span class='ocrx_word' id='word_1_91' title='bbox 1167 1790 1217 1885; x_wconf 85' lang='lat'>³),</span> <span class='ocrx_word' id='word_1_92' title='bbox 1242 1790 1343 1860; x_wconf 85' lang='lat' dir='ltr'>iuxta</span> <span class='ocrx_word' id='word_1_93' title='bbox 1408 1815 1409 1860; x_wconf 67' lang='lat' dir='ltr'>t</span> 
     </span>
     <span class='ocr_line' id='line_1_15' title="bbox 252 1867 1342 2054; baseline -0.002 -96"><span class='ocrx_word' id='word_1_94' title='bbox 252 1888 369 1959; x_wconf 91' lang='lat' dir='ltr'>maris</span> <span class='ocrx_word' id='word_1_95' title='bbox 394 1881 556 1957; x_wconf 84' lang='lat' dir='ltr'>Euboici</span> <span class='ocrx_word' id='word_1_96' title='bbox 583 1887 621 1958; x_wconf 92' lang='lat' dir='ltr'>et</span> <span class='ocrx_word' id='word_1_97' title='bbox 639 1867 779 1983; x_wconf 67' lang='lat' dir='ltr'>&#39;Euripi</span> <span class='ocrx_word' id='word_1_98' title='bbox 804 1881 935 1956; x_wconf 91' lang='lat' dir='ltr'>littora</span> <span class='ocrx_word' id='word_1_99' title='bbox 940 1888 1088 2054; x_wconf 87' lang='lat' dir='ltr'>¹positi.</span> <span class='ocrx_word' id='word_1_100' title='bbox 1144 1885 1217 1958; x_wconf 84' lang='lat' dir='ltr'>llis</span> <span class='ocrx_word' id='word_1_101' title='bbox 1242 1911 1263 1958; x_wconf 89' lang='lat' dir='ltr'>o</span> <span class='ocrx_word' id='word_1_102' title='bbox 1286 1909 1342 1956; x_wconf 84' lang='lat' dir='ltr'>re-</span> 
     </span>
     <span class='ocr_line' id='line_1_16' title="bbox 283 1979 1342 2076; baseline -0.005 -20"><span class='ocrx_word' id='word_1_103' title='bbox 283 1986 369 2058; x_wconf 84' lang='lat' dir='ltr'>ione</span> <span class='ocrx_word' id='word_1_104' title='bbox 401 1979 559 2054; x_wconf 87' lang='lat' dir='ltr'>declivia</span> <span class='ocrx_word' id='word_1_105' title='bbox 590 1983 772 2074; x_wconf 82' lang='lat' dir='ltr'>Parnasi,</span> <span class='ocrx_word' id='word_1_106' title='bbox 814 1979 901 2053; x_wconf 91' lang='lat' dir='ltr'>dein</span> <span class='ocrx_word' id='word_1_107' title='bbox 978 1980 1126 2056; x_wconf 90' lang='lat' dir='ltr'>elicouii</span> <span class='ocrx_word' id='word_1_108' title='bbox 1166 1981 1342 2076; x_wconf 68' lang='lat' dir='ltr'>colles⁴):</span> 
     </span>
     <span class='ocr_line' id='line_1_17' title="bbox 252 2008 1341 2178; baseline -0.002 -26"><span class='ocrx_word' id='word_1_109' title='bbox 252 2008 325 2154; x_wconf 72' lang='lat' dir='ltr'>bos</span> <span class='ocrx_word' id='word_1_110' title='bbox 350 2104 480 2154; x_wconf 89' lang='lat' dir='ltr'>rursus</span> <span class='ocrx_word' id='word_1_111' title='bbox 508 2077 749 2152; x_wconf 73' lang='lat' dir='ltr'>Cithaeronis</span> <span class='ocrx_word' id='word_1_112' title='bbox 775 2076 895 2151; x_wconf 89' lang='lat' dir='ltr'>saltus</span> <span class='ocrx_word' id='word_1_113' title='bbox 923 2082 1081 2178; x_wconf 88' lang='lat' dir='ltr'>excipit,</span> <span class='ocrx_word' id='word_1_114' title='bbox 1140 2084 1180 2152; x_wconf 94' lang='lat' dir='ltr'>ui</span> <span class='ocrx_word' id='word_1_115' title='bbox 1205 2081 1341 2152; x_wconf 88' lang='lat' dir='ltr'>Parne-</span> 
     </span>
     <span class='ocr_line' id='line_1_18' title="bbox 252 2103 1342 2273; baseline -0.003 -24"><span class='ocrx_word' id='word_1_116' title='bbox 252 2175 355 2250; x_wconf 92' lang='lat' dir='ltr'>tbem</span> <span class='ocrx_word' id='word_1_117' title='bbox 382 2177 569 2272; x_wconf 79' lang='lat' dir='ltr'>contingit</span> <span class='ocrx_word' id='word_1_118' title='bbox 583 2176 629 2273; x_wconf 88' lang='lat'>⁵).</span> <span class='ocrx_word' id='word_1_119' title='bbox 679 2179 739 2248; x_wconf 89' lang='lat' dir='ltr'>lta</span> <span class='ocrx_word' id='word_1_120' title='bbox 765 2174 801 2247; x_wconf 94' lang='lat' dir='ltr'>hi</span> <span class='ocrx_word' id='word_1_121' title='bbox 825 2177 973 2249; x_wconf 91' lang='lat' dir='ltr'>montes</span> <span class='ocrx_word' id='word_1_122' title='bbox 999 2103 1208 2250; x_wconf 77' lang='lat' dir='ltr'>convallem</span> <span class='ocrx_word' id='word_1_123' title='bbox 1233 2173 1342 2250; x_wconf 91' lang='lat' dir='ltr'>inclu-</span> 
     </span>
     <span class='ocr_line' id='line_1_19' title="bbox 255 2268 1341 2348; baseline -0.002 -2"><span class='ocrx_word' id='word_1_124' title='bbox 255 2273 349 2346; x_wconf 92' lang='lat' dir='ltr'>dunt</span> <span class='ocrx_word' id='word_1_125' title='bbox 381 2268 429 2345; x_wconf 90' lang='lat' dir='ltr'>ab</span> <span class='ocrx_word' id='word_1_126' title='bbox 457 2273 557 2344; x_wconf 80' lang='lat' dir='ltr'>(leta</span> <span class='ocrx_word' id='word_1_127' title='bbox 588 2269 636 2344; x_wconf 83' lang='lat' dir='ltr'>ad</span> <span class='ocrx_word' id='word_1_128' title='bbox 661 2271 889 2346; x_wconf 86' lang='lat' dir='ltr'>Parnethem</span> <span class='ocrx_word' id='word_1_129' title='bbox 921 2275 991 2346; x_wconf 81' lang='lat' dir='ltr'>m.</span> <span class='ocrx_word' id='word_1_130' title='bbox 1025 2271 1107 2347; x_wconf 87' lang='lat' dir='ltr'>lere</span> <span class='ocrx_word' id='word_1_131' title='bbox 1139 2272 1341 2348; x_wconf 90' lang='lat' dir='ltr'>stadiorum</span> 
     </span>
     <span class='ocr_line' id='line_1_20' title="bbox 253 2366 1341 2470; baseline -0.001 -27"><span class='ocrx_word' id='word_1_132' title='bbox 253 2366 492 2468; x_wconf 86' lang='lat' dir='ltr'>longitudine</span> <span class='ocrx_word' id='word_1_133' title='bbox 544 2373 752 2463; x_wconf 90' lang='lat' dir='ltr'>orrectam,</span> <span class='ocrx_word' id='word_1_134' title='bbox 789 2395 899 2470; x_wconf 85' lang='lat' dir='ltr'>quam</span> <span class='ocrx_word' id='word_1_135' title='bbox 931 2369 1117 2470; x_wconf 81' lang='lat' dir='ltr'>Cephisus</span> <span class='ocrx_word' id='word_1_136' title='bbox 1148 2375 1268 2446; x_wconf 90' lang='lat' dir='ltr'>amnis</span> <span class='ocrx_word' id='word_1_137' title='bbox 1293 2369 1341 2442; x_wconf 92' lang='lat' dir='ltr'>di·</span> 
     </span>
     <span class='ocr_line' id='line_1_21' title="bbox 253 2465 1342 2570; baseline 0.001 -30"><span class='ocrx_word' id='word_1_138' title='bbox 253 2467 403 2540; x_wconf 90' lang='lat' dir='ltr'>midiam</span> <span class='ocrx_word' id='word_1_139' title='bbox 433 2492 504 2564; x_wconf 94' lang='lat' dir='ltr'>per</span> <span class='ocrx_word' id='word_1_140' title='bbox 532 2471 603 2562; x_wconf 92' lang='lat' dir='ltr'>uit,</span> <span class='ocrx_word' id='word_1_141' title='bbox 636 2465 757 2540; x_wconf 90' lang='lat' dir='ltr'>donec</span> <span class='ocrx_word' id='word_1_142' title='bbox 790 2471 828 2540; x_wconf 94' lang='lat' dir='ltr'>iu</span> <span class='ocrx_word' id='word_1_143' title='bbox 860 2466 984 2542; x_wconf 89' lang='lat' dir='ltr'>media</span> <span class='ocrx_word' id='word_1_144' title='bbox 1017 2471 1097 2542; x_wconf 89' lang='lat' dir='ltr'>eius</span> <span class='ocrx_word' id='word_1_145' title='bbox 1130 2471 1242 2570; x_wconf 90' lang='lat' dir='ltr'>parte</span> <span class='ocrx_word' id='word_1_146' title='bbox 1276 2469 1342 2541; x_wconf 72' lang='lat' dir='ltr'>Ca</span> 
     </span>
     <span class='ocr_line' id='line_1_22' title="bbox 282 2564 1341 2664; baseline 0 -27"><span class='ocrx_word' id='word_1_147' title='bbox 282 2564 367 2637; x_wconf 86' lang='lat' dir='ltr'>aido</span> <span class='ocrx_word' id='word_1_148' title='bbox 400 2564 485 2637; x_wconf 92' lang='lat' dir='ltr'>lacu</span> <span class='ocrx_word' id='word_1_149' title='bbox 516 2568 715 2664; x_wconf 77' lang='lat' dir='ltr'>excipitur.</span> <span class='ocrx_word' id='word_1_150' title='bbox 764 2565 971 2639; x_wconf 81' lang='lat' dir='ltr'>Exteriore</span> <span class='ocrx_word' id='word_1_151' title='bbox 1004 2566 1136 2640; x_wconf 89' lang='lat' dir='ltr'>horum</span> <span class='ocrx_word' id='word_1_152' title='bbox 1169 2568 1341 2642; x_wconf 89' lang='lat' dir='ltr'>montium</span> 
     </span>
     <span class='ocr_line' id='line_1_23' title="bbox 253 2592 1340 2762; baseline -0.003 -25"><span class='ocrx_word' id='word_1_153' title='bbox 253 2592 414 2737; x_wconf 67' lang='lat' dir='ltr'>declivia</span> <span class='ocrx_word' id='word_1_154' title='bbox 439 2661 487 2734; x_wconf 92' lang='lat' dir='ltr'>ad</span> <span class='ocrx_word' id='word_1_155' title='bbox 513 2687 617 2735; x_wconf 89' lang='lat' dir='ltr'>mare</span> <span class='ocrx_word' id='word_1_156' title='bbox 643 2661 894 2755; x_wconf 87' lang='lat' dir='ltr'>descendunt,</span> <span class='ocrx_word' id='word_1_157' title='bbox 926 2667 1164 2762; x_wconf 87' lang='lat' dir='ltr'>superiorum</span> <span class='ocrx_word' id='word_1_158' title='bbox 1198 2662 1245 2738; x_wconf 90' lang='lat' dir='ltr'>ad</span> <span class='ocrx_word' id='word_1_159' title='bbox 1269 2665 1340 2738; x_wconf 91' lang='lat' dir='ltr'>Eu·</span> 
     </span>
     <span class='ocr_line' id='line_1_24' title="bbox 254 2757 1409 2859; baseline -0.001 -24"><span class='ocrx_word' id='word_1_160' title='bbox 254 2757 406 2835; x_wconf 90' lang='lat' dir='ltr'>boicum</span> <span class='ocrx_word' id='word_1_161' title='bbox 446 2761 484 2832; x_wconf 91' lang='lat' dir='ltr'>et</span> <span class='ocrx_word' id='word_1_162' title='bbox 514 2760 716 2859; x_wconf 85' lang='lat' dir='ltr'>Euripum,</span> <span class='ocrx_word' id='word_1_163' title='bbox 755 2757 976 2833; x_wconf 80' lang='lat' dir='ltr'>interiorum</span> <span class='ocrx_word' id='word_1_164' title='bbox 1015 2758 1063 2835; x_wconf 88' lang='lat' dir='ltr'>ad</span> <span class='ocrx_word' id='word_1_165' title='bbox 1102 2766 1223 2836; x_wconf 88' lang='lat' dir='ltr'>sinum</span> <span class='ocrx_word' id='word_1_166' title='bbox 1264 2762 1341 2833; x_wconf 91' lang='lat' dir='ltr'>Cri·</span> <span class='ocrx_word' id='word_1_167' title='bbox 1407 2799 1409 2834; x_wconf 61' lang='lat'><em>2</em></span> 
     </span>
     <span class='ocr_line' id='line_1_25' title="bbox 256 2853 1340 2934; baseline -0.003 -1"><span class='ocrx_word' id='word_1_168' title='bbox 256 2884 398 2934; x_wconf 80' lang='lat' dir='ltr'>seeum.</span> <span class='ocrx_word' id='word_1_169' title='bbox 449 2853 608 2930; x_wconf 81' lang='lat' dir='ltr'>Euboici</span> <span class='ocrx_word' id='word_1_170' title='bbox 632 2860 749 2932; x_wconf 85' lang='lat' dir='ltr'>maris</span> <span class='ocrx_word' id='word_1_171' title='bbox 773 2856 903 2931; x_wconf 88' lang='lat' dir='ltr'>littora</span> <span class='ocrx_word' id='word_1_172' title='bbox 927 2855 1028 2931; x_wconf 84' lang='lat' dir='ltr'>inira</span> <span class='ocrx_word' id='word_1_173' title='bbox 1053 2860 1212 2934; x_wconf 91' lang='lat' dir='ltr'>Cnemin</span> <span class='ocrx_word' id='word_1_174' title='bbox 1243 2883 1340 2933; x_wconf 92' lang='lat' dir='ltr'>mon·</span> 
     </span>
     <span class='ocr_line' id='line_1_26' title="bbox 255 2952 1342 3045; baseline -0.004 -15"><span class='ocrx_word' id='word_1_175' title='bbox 255 2958 333 3030; x_wconf 88' lang='lat' dir='ltr'>tem</span> <span class='ocrx_word' id='word_1_176' title='bbox 357 2956 471 3027; x_wconf 80' lang='lat' dir='ltr'>Locri</span> <span class='ocrx_word' id='word_1_177' title='bbox 498 2952 638 3029; x_wconf 90' lang='lat' dir='ltr'>bahent</span> <span class='ocrx_word' id='word_1_178' title='bbox 661 2957 693 3029; x_wconf 92' lang='lat' dir='ltr'>E</span> <span class='ocrx_word' id='word_1_179' title='bbox 722 2953 920 3045; x_wconf 87' lang='lat' dir='ltr'>icnemidii,</span> <span class='ocrx_word' id='word_1_180' title='bbox 946 2953 1046 3028; x_wconf 82' lang='lat' dir='ltr'>int&#39;ra</span> <span class='ocrx_word' id='word_1_181' title='bbox 1065 2960 1264 3032; x_wconf 87' lang='lat' dir='ltr'>Acontium</span> <span class='ocrx_word' id='word_1_182' title='bbox 1287 2980 1342 3028; x_wconf 90' lang='lat' dir='ltr'>us·</span> 
     </span>
     <span class='ocr_line' id='line_1_27' title="bbox 257 2982 1341 3158; baseline -0.004 -29"><span class='ocrx_word' id='word_1_183' title='bbox 257 3081 329 3158; x_wconf 91' lang='lat' dir='ltr'>que</span> <span class='ocrx_word' id='word_1_184' title='bbox 355 3051 403 3126; x_wconf 91' lang='lat' dir='ltr'>ad</span> <span class='ocrx_word' id='word_1_185' title='bbox 419 3053 505 3125; x_wconf 89' lang='lat' dir='ltr'>Ptoi</span> <span class='ocrx_word' id='word_1_186' title='bbox 524 3051 672 3130; x_wconf 84' lang='lat' dir='ltr'>radices</span> <span class='ocrx_word' id='word_1_187' title='bbox 691 2982 859 3153; x_wconf 74' lang='lat' dir='ltr'>Cpuutii,</span> <span class='ocrx_word' id='word_1_188' title='bbox 884 3051 970 3128; x_wconf 89' lang='lat' dir='ltr'>loca</span> <span class='ocrx_word' id='word_1_189' title='bbox 985 3057 1187 3132; x_wconf 86' lang='lat' dir='ltr'>maximam</span> <span class='ocrx_word' id='word_1_190' title='bbox 1201 3060 1341 3158; x_wconf 87' lang='lat' dir='ltr'>partem</span> 
     </span>
    </p>
   </div>
   <div class='ocr_carea' id='block_1_6' title="bbox 259 3218 460 3234">
    <p class='ocr_par' dir='ltr' id='par_1_6' title="bbox 259 3218 460 3234">
     <span class='ocr_line' id='line_1_28' title="bbox 259 3218 460 3234; baseline 0.01 -4"><span class='ocrx_word' id='word_1_191' title='bbox 259 3218 460 3234; x_wconf 59' lang='lat' dir='ltr'>m</span> 
     </span>
    </p>
   </div>
   <div class='ocr_carea' id='block_1_7' title="bbox 257 3296 1409 3566">
    <p class='ocr_par' dir='ltr' id='par_1_7' title="bbox 257 3296 1409 3566">
     <span class='ocr_line' id='line_1_29' title="bbox 328 3296 1341 3372; baseline -0.006 -21"><span class='ocrx_word' id='word_1_192' title='bbox 328 3297 376 3360; x_wconf 82' lang='lat'>15&gt;</span> <span class='ocrx_word' id='word_1_193' title='bbox 397 3302 457 3364; x_wconf 73' lang='lat' dir='ltr'>Qui</span> <span class='ocrx_word' id='word_1_194' title='bbox 469 3301 661 3355; x_wconf 74' lang='lat' dir='ltr'>Acarnaniam</span> <span class='ocrx_word' id='word_1_195' title='bbox 679 3297 717 3351; x_wconf 84' lang='lat' dir='ltr'>ad</span> <span class='ocrx_word' id='word_1_196' title='bbox 734 3300 959 3370; x_wconf 75' lang='lat' dir='ltr'>septentrionem</span> <span class='ocrx_word' id='word_1_197' title='bbox 968 3296 1059 3372; x_wconf 86' lang='lat' dir='ltr'>Epiro</span> <span class='ocrx_word' id='word_1_198' title='bbox 1071 3303 1227 3354; x_wconf 79' lang='lat' dir='ltr'>terminari</span> <span class='ocrx_word' id='word_1_199' title='bbox 1240 3298 1341 3359; x_wconf 87' lang='lat' dir='ltr'>dieunt,</span> 
     </span>
     <span class='ocr_line' id='line_1_30' title="bbox 257 3367 1409 3496; baseline 0.003 -74"><span class='ocrx_word' id='word_1_200' title='bbox 257 3368 277 3422; x_wconf 90' lang='lat' dir='ltr'>b</span> <span class='ocrx_word' id='word_1_201' title='bbox 305 3370 488 3460; x_wconf 76' lang='lat' dir='ltr'>Ambraciam</span> <span class='ocrx_word' id='word_1_202' title='bbox 508 3379 537 3428; x_wconf 88' lang='lat' dir='ltr'>et</span> <span class='ocrx_word' id='word_1_203' title='bbox 554 3374 650 3439; x_wconf 73' lang='lat' dir='ltr'>Argoa</span> <span class='ocrx_word' id='word_1_204' title='bbox 668 3369 932 3458; x_wconf 77' lang='lat' dir='ltr'>Amphilochicum,</span> <span class='ocrx_word' id='word_1_205' title='bbox 958 3390 1032 3496; x_wconf 53' lang='lat' dir='ltr'>puae</span> <span class='ocrx_word' id='word_1_206' title='bbox 1056 3374 1066 3424; x_wconf 89' lang='lat' dir='ltr'>i</span> <span class='ocrx_word' id='word_1_207' title='bbox 1087 3390 1120 3425; x_wconf 83' lang='grc' dir='ltr'>ιο</span> <span class='ocrx_word' id='word_1_208' title='bbox 1148 3373 1206 3426; x_wconf 76' lang='lat' dir='ltr'>situ</span> <span class='ocrx_word' id='word_1_209' title='bbox 1225 3370 1261 3423; x_wconf 85' lang='lat' dir='ltr'>ad</span> <span class='ocrx_word' id='word_1_210' title='bbox 1278 3367 1340 3436; x_wconf 80' lang='lat' dir='ltr'>Epi·</span> <span class='ocrx_word' id='word_1_211' title='bbox 1408 3395 1409 3426; x_wconf 64' lang='lat' dir='ltr'>i</span> 
     </span>
     <span class='ocr_line' id='line_1_31' title="bbox 258 3437 1409 3566; baseline -0.004 -73"><span class='ocrx_word' id='word_1_212' title='bbox 258 3460 321 3494; x_wconf 87' lang='lat' dir='ltr'>rum</span> <span class='ocrx_word' id='word_1_213' title='bbox 346 3451 504 3566; x_wconf 82' lang='lat' dir='ltr'>pertinent,</span> <span class='ocrx_word' id='word_1_214' title='bbox 529 3445 712 3497; x_wconf 77' lang='lat' dir='ltr'>Acarnaniae</span> <span class='ocrx_word' id='word_1_215' title='bbox 737 3453 900 3498; x_wconf 82' lang='lat' dir='ltr'>accensent.</span> <span class='ocrx_word' id='word_1_216' title='bbox 945 3443 1020 3498; x_wconf 87' lang='lat' dir='ltr'>Pm.</span> <span class='ocrx_word' id='word_1_217' title='bbox 1043 3445 1059 3498; x_wconf 88' lang='lat'>1</span> <span class='ocrx_word' id='word_1_218' title='bbox 1094 3481 1104 3514; x_wconf 90' lang='lat'>,</span> <span class='ocrx_word' id='word_1_219' title='bbox 1128 3445 1155 3498; x_wconf 91' lang='lat' dir='ltr'>l.</span> <span class='ocrx_word' id='word_1_220' title='bbox 1173 3443 1211 3498; x_wconf 82' lang='lat' dir='ltr'>ef.</span> <span class='ocrx_word' id='word_1_221' title='bbox 1230 3437 1339 3510; x_wconf 77' lang='lat' dir='ltr'>Scylac.</span> <span class='ocrx_word' id='word_1_222' title='bbox 1408 3501 1409 3518; x_wconf 21' lang='lat'>¹</span> 
     </span>
    </p>
   </div>
   <div class='ocr_carea' id='block_1_8' title="bbox 231 3513 958 3588">
    <p class='ocr_par' dir='ltr' id='par_1_8' title="bbox 231 3513 958 3588">
     <span class='ocr_line' id='line_1_32' title="bbox 231 3513 958 3588; baseline 0 -20"><span class='ocrx_word' id='word_1_223' title='bbox 231 3573 233 3578; x_wconf 62' lang='grc'>,</span> <span class='ocrx_word' id='word_1_224' title='bbox 258 3515 365 3588; x_wconf 85' lang='lat' dir='ltr'>Perip.</span> <span class='ocrx_word' id='word_1_225' title='bbox 381 3534 409 3588; x_wconf 89' lang='lat' dir='ltr'>p.</span> <span class='ocrx_word' id='word_1_226' title='bbox 426 3515 470 3571; x_wconf 83' lang='grc'>28.</span> <span class='ocrx_word' id='word_1_227' title='bbox 489 3518 621 3571; x_wconf 80' lang='lat' dir='ltr'>Gronov.</span> <span class='ocrx_word' id='word_1_228' title='bbox 640 3513 737 3568; x_wconf 85' lang='lat' dir='ltr'>Strab.</span> <span class='ocrx_word' id='word_1_229' title='bbox 755 3517 795 3586; x_wconf 87' lang='lat' dir='ltr'>X,</span> <span class='ocrx_word' id='word_1_230' title='bbox 814 3518 832 3570; x_wconf 88' lang='grc'>2</span> <span class='ocrx_word' id='word_1_231' title='bbox 849 3536 876 3588; x_wconf 99' lang='grc' dir='ltr'><strong>Ρ.</strong></span> <span class='ocrx_word' id='word_1_232' title='bbox 894 3515 958 3570; x_wconf 79' lang='grc'><strong>450.</strong></span> 
     </span>
    </p>
   </div>
   <div class='ocr_carea' id='block_1_9' title="bbox 328 3619 1207 3786">
    <p class='ocr_par' dir='ltr' id='par_1_9' title="bbox 328 3619 1207 3786">
     <span class='ocr_line' id='line_1_33' title="bbox 329 3619 713 3694; baseline -0.003 -19"><span class='ocrx_word' id='word_1_233' title='bbox 329 3619 359 3689; x_wconf 88' lang='lat' dir='ltr'>l)</span> <span class='ocrx_word' id='word_1_234' title='bbox 379 3620 475 3676; x_wconf 86' lang='lat' dir='ltr'>Strab.</span> <span class='ocrx_word' id='word_1_235' title='bbox 494 3624 549 3692; x_wconf 85' lang='lat' dir='ltr'>lx,</span> <span class='ocrx_word' id='word_1_236' title='bbox 567 3621 586 3675; x_wconf 89' lang='grc'><strong>4</strong></span> <span class='ocrx_word' id='word_1_237' title='bbox 604 3641 631 3694; x_wconf 87' lang='grc' dir='ltr'><strong>Ρ.</strong></span> <span class='ocrx_word' id='word_1_238' title='bbox 650 3621 713 3676; x_wconf 81' lang='grc'><strong>427.</strong></span> 
     </span>
     <span class='ocr_line' id='line_1_34' title="bbox 328 3709 1207 3786; baseline 0.003 -21"><span class='ocrx_word' id='word_1_239' title='bbox 328 3710 357 3778; x_wconf 90' lang='grc'>2)</span> <span class='ocrx_word' id='word_1_240' title='bbox 376 3710 420 3765; x_wconf 90' lang='lat' dir='ltr'>Id.</span> <span class='ocrx_word' id='word_1_241' title='bbox 437 3711 491 3777; x_wconf 82' lang='lat' dir='ltr'>IX,</span> <span class='ocrx_word' id='word_1_242' title='bbox 508 3712 528 3766; x_wconf 83' lang='lat'><strong>3</strong></span> <span class='ocrx_word' id='word_1_243' title='bbox 544 3731 574 3785; x_wconf 89' lang='lat' dir='ltr'>p.</span> <span class='ocrx_word' id='word_1_244' title='bbox 592 3710 646 3764; x_wconf 85' lang='grc'>416</span> <span class='ocrx_word' id='word_1_245' title='bbox 664 3714 736 3766; x_wconf 87' lang='lat' dir='ltr'>extr.</span> <span class='ocrx_word' id='word_1_246' title='bbox 755 3709 888 3766; x_wconf 84' lang='lat' dir='ltr'>Eustatb.</span> <span class='ocrx_word' id='word_1_247' title='bbox 907 3711 944 3766; x_wconf 88' lang='lat' dir='ltr'>ad</span> <span class='ocrx_word' id='word_1_248' title='bbox 961 3714 1086 3784; x_wconf 77' lang='lat' dir='ltr'>Dionys.</span> <span class='ocrx_word' id='word_1_249' title='bbox 1102 3733 1130 3786; x_wconf 86' lang='lat' dir='ltr'>p·</span> <span class='ocrx_word' id='word_1_250' title='bbox 1143 3714 1207 3768; x_wconf 78' lang='grc'><strong>425.</strong></span> 
     </span>
    </p>
   </div>
   <div class='ocr_carea' id='block_1_10' title="bbox 258 3789 1409 4088">
    <p class='ocr_par' dir='ltr' id='par_1_10' title="bbox 258 3789 1409 4088">
     <span class='ocr_line' id='line_1_35' title="bbox 326 3789 1340 3871; baseline -0.009 -16"><span class='ocrx_word' id='word_1_251' title='bbox 326 3800 358 3866; x_wconf 81' lang='lat'>3)</span> <span class='ocrx_word' id='word_1_252' title='bbox 376 3801 474 3854; x_wconf 87' lang='lat' dir='ltr'>Strah.</span> <span class='ocrx_word' id='word_1_253' title='bbox 494 3800 548 3862; x_wconf 84' lang='lat' dir='ltr'>lx,</span> <span class='ocrx_word' id='word_1_254' title='bbox 566 3801 585 3854; x_wconf 98' lang='grc'>2</span> <span class='ocrx_word' id='word_1_255' title='bbox 605 3818 632 3870; x_wconf 93' lang='grc' dir='ltr'><strong>Ρ.</strong></span> <span class='ocrx_word' id='word_1_256' title='bbox 651 3798 715 3866; x_wconf 87' lang='grc'>413,</span> <span class='ocrx_word' id='word_1_257' title='bbox 733 3799 797 3854; x_wconf 85' lang='grc'><strong>416.</strong></span> <span class='ocrx_word' id='word_1_258' title='bbox 815 3803 942 3855; x_wconf 84' lang='lat' dir='ltr'>Pausan.</span> <span class='ocrx_word' id='word_1_259' title='bbox 961 3803 1015 3871; x_wconf 81' lang='lat' dir='ltr'>IX,</span> <span class='ocrx_word' id='word_1_260' title='bbox 1034 3804 1078 3870; x_wconf 85' lang='grc'>23,</span> <span class='ocrx_word' id='word_1_261' title='bbox 1096 3803 1123 3870; x_wconf 82' lang='grc'>3,</span> <span class='ocrx_word' id='word_1_262' title='bbox 1141 3803 1168 3856; x_wconf 91' lang='grc'><strong>4.</strong></span> <span class='ocrx_word' id='word_1_263' title='bbox 1187 3789 1340 3854; x_wconf 76' lang='lat' dir='ltr'>Groslrurd·</span> 
     </span>
     <span class='ocr_line' id='line_1_36' title="bbox 260 3867 1339 3946; baseline 0.006 -24"><span class='ocrx_word' id='word_1_264' title='bbox 260 3869 296 3922; x_wconf 84' lang='lat' dir='ltr'>ad</span> <span class='ocrx_word' id='word_1_265' title='bbox 314 3873 408 3925; x_wconf 87' lang='lat' dir='ltr'>Strab.</span> <span class='ocrx_word' id='word_1_266' title='bbox 428 3879 499 3926; x_wconf 90' lang='lat' dir='ltr'>tom.</span> <span class='ocrx_word' id='word_1_267' title='bbox 517 3871 558 3939; x_wconf 90' lang='lat'>11,</span> <span class='ocrx_word' id='word_1_268' title='bbox 575 3890 603 3944; x_wconf 91' lang='grc' dir='ltr'>Ρ.</span> <span class='ocrx_word' id='word_1_269' title='bbox 622 3872 683 3924; x_wconf 84' lang='grc'><strong>200.</strong></span> <span class='ocrx_word' id='word_1_270' title='bbox 710 3871 845 3927; x_wconf 85' lang='lat' dir='ltr'>Mueller.</span> <span class='ocrx_word' id='word_1_271' title='bbox 864 3872 999 3927; x_wconf 88' lang='lat' dir='ltr'>Orchom.</span> <span class='ocrx_word' id='word_1_272' title='bbox 1018 3893 1047 3946; x_wconf 89' lang='grc' dir='ltr'>Ρ.</span> <span class='ocrx_word' id='word_1_273' title='bbox 1064 3875 1109 3942; x_wconf 90' lang='grc'>24,</span> <span class='ocrx_word' id='word_1_274' title='bbox 1127 3875 1172 3943; x_wconf 77' lang='grc'>34,</span> <span class='ocrx_word' id='word_1_275' title='bbox 1190 3873 1235 3928; x_wconf 83' lang='grc'><strong>39.</strong></span> <span class='ocrx_word' id='word_1_276' title='bbox 1257 3867 1339 3920; x_wconf 66' lang='lat' dir='ltr'>Kffl‘·</span> 
     </span>
     <span class='ocr_line' id='line_1_37' title="bbox 258 3933 1409 4016; baseline -0.014 -14"><span class='ocrx_word' id='word_1_277' title='bbox 258 3941 337 4002; x_wconf 88' lang='lat' dir='ltr'>n‚1</span> <span class='ocrx_word' id='word_1_278' title='bbox 361 3964 388 4016; x_wconf 87' lang='lat' dir='ltr'>p.</span> <span class='ocrx_word' id='word_1_279' title='bbox 406 3947 473 4012; x_wconf 87' lang='grc'>420,</span> <span class='ocrx_word' id='word_1_280' title='bbox 491 3944 559 4006; x_wconf 84' lang='grc'>421,</span> <span class='ocrx_word' id='word_1_281' title='bbox 577 3942 641 3998; x_wconf 83' lang='grc'><strong>431.</strong></span> <span class='ocrx_word' id='word_1_282' title='bbox 663 3943 710 4012; x_wconf 91' lang='lat'>11,</span> <span class='ocrx_word' id='word_1_283' title='bbox 734 3946 752 3997; x_wconf 91' lang='grc'>2</span> <span class='ocrx_word' id='word_1_284' title='bbox 774 3964 803 4016; x_wconf 90' lang='grc' dir='ltr'>Ρ.</span> <span class='ocrx_word' id='word_1_285' title='bbox 822 3948 850 4000; x_wconf 94' lang='grc'><strong>4.</strong></span> <span class='ocrx_word' id='word_1_286' title='bbox 890 3944 1031 4001; x_wconf 79' lang='lat' dir='ltr'>&#39;l&#39;bieraeb</span> <span class='ocrx_word' id='word_1_287' title='bbox 1057 3947 1118 4005; x_wconf 75' lang='lat' dir='ltr'>atat</span> <span class='ocrx_word' id='word_1_288' title='bbox 1142 3942 1235 4001; x_wconf 86' lang='lat' dir='ltr'>actual</span> <span class='ocrx_word' id='word_1_289' title='bbox 1259 3939 1293 3991; x_wconf 86' lang='lat' dir='ltr'>do</span> <span class='ocrx_word' id='word_1_290' title='bbox 1313 3933 1340 3986; x_wconf 80' lang='lat' dir='ltr'>la</span> <span class='ocrx_word' id='word_1_291' title='bbox 1408 3935 1409 3958; x_wconf 68' lang='lat'><em>²</em></span> 
     </span>
     <span class='ocr_line' id='line_1_38' title="bbox 260 4013 1409 4088; baseline 0.015 -23"><span class='ocrx_word' id='word_1_292' title='bbox 260 4013 353 4074; x_wconf 74' lang='lat' dir='ltr'>Grice</span> <span class='ocrx_word' id='word_1_293' title='bbox 371 4024 439 4070; x_wconf 86' lang='lat' dir='ltr'>tom.</span> <span class='ocrx_word' id='word_1_294' title='bbox 458 4018 488 4070; x_wconf 90' lang='lat'>11</span> <span class='ocrx_word' id='word_1_295' title='bbox 505 4036 534 4088; x_wconf 88' lang='lat' dir='ltr'>p.</span> <span class='ocrx_word' id='word_1_296' title='bbox 551 4015 596 4070; x_wconf 76' lang='grc'>23.</span> <span class='ocrx_word' id='word_1_297' title='bbox 1408 4029 1409 4048; x_wconf 66' lang='grc'>’</span> 
     </span>
    </p>
   </div>
   <div class='ocr_carea' id='block_1_11' title="bbox 326 4099 691 4176">
    <p class='ocr_par' dir='ltr' id='par_1_11' title="bbox 326 4099 691 4176">
     <span class='ocr_line' id='line_1_39' title="bbox 326 4099 691 4176; baseline 0.005 -21"><span class='ocrx_word' id='word_1_298' title='bbox 326 4099 359 4171; x_wconf 93' lang='grc'>4)</span> <span class='ocrx_word' id='word_1_299' title='bbox 380 4107 466 4159; x_wconf 74' lang='lat' dir='ltr'>Kena.</span> <span class='ocrx_word' id='word_1_300' title='bbox 484 4107 524 4172; x_wconf 84' lang='lat' dir='ltr'>ll,</span> <span class='ocrx_word' id='word_1_301' title='bbox 545 4105 560 4158; x_wconf 93' lang='lat' dir='ltr'>l</span> <span class='ocrx_word' id='word_1_302' title='bbox 579 4123 608 4176; x_wconf 96' lang='lat' dir='ltr'>p.</span> <span class='ocrx_word' id='word_1_303' title='bbox 626 4103 691 4158; x_wconf 90' lang='grc'><strong>424.</strong></span> 
     </span>
    </p>
   </div>
   <div class='ocr_carea' id='block_1_12' title="bbox 326 4151 1409 4260">
    <p class='ocr_par' dir='ltr' id='par_1_12' title="bbox 326 4151 1409 4260">
     <span class='ocr_line' id='line_1_40' title="bbox 326 4151 1409 4260; baseline -0.003 -15"><span class='ocrx_word' id='word_1_304' title='bbox 326 4190 360 4259; x_wconf 79' lang='lat' dir='ltr'>e)</span> <span class='ocrx_word' id='word_1_305' title='bbox 380 4191 424 4246; x_wconf 78' lang='lat' dir='ltr'>ra</span> <span class='ocrx_word' id='word_1_306' title='bbox 441 4193 481 4246; x_wconf 81' lang='lat' dir='ltr'>n.</span> <span class='ocrx_word' id='word_1_307' title='bbox 521 4194 581 4260; x_wconf 77' lang='lat' dir='ltr'>.i,</span> <span class='ocrx_word' id='word_1_308' title='bbox 600 4193 627 4247; x_wconf 86' lang='lat' dir='ltr'>a</span> <span class='ocrx_word' id='word_1_309' title='bbox 662 4193 798 4248; x_wconf 70' lang='lat' dir='ltr'>naeu...</span> <span class='ocrx_word' id='word_1_310' title='bbox 818 4193 953 4249; x_wconf 67' lang='lat' dir='ltr'>cauom.</span> <span class='ocrx_word' id='word_1_311' title='bbox 999 4199 1071 4254; x_wconf 69' lang='lat' dir='ltr'>,aa</span> <span class='ocrx_word' id='word_1_312' title='bbox 1108 4197 1154 4252; x_wconf 80' lang='lat' dir='ltr'>cf.</span> <span class='ocrx_word' id='word_1_313' title='bbox 1174 4203 1203 4252; x_wconf 62' lang='grc' dir='ltr'><strong>..ι</strong></span> <span class='ocrx_word' id='word_1_314' title='bbox 1219 4181 1340 4244; x_wconf 72' lang='lat' dir='ltr'>wheler</span> <span class='ocrx_word' id='word_1_315' title='bbox 1408 4151 1409 4242; x_wconf 64' lang='grc' dir='ltr'><em>Ῠ</em></span> 
     </span>
    </p>
   </div>
   <div class='ocr_carea' id='block_1_13' title="bbox 257 4213 1409 4408">
    <p class='ocr_par' dir='ltr' id='par_1_13' title="bbox 257 4213 1409 4408">
     <span class='ocr_line' id='line_1_41' title="bbox 257 4213 1339 4399; baseline -0.013 -78"><span class='ocrx_word' id='word_1_316' title='bbox 257 4278 372 4399; x_wconf 57' lang='lat'>13859250</span> <span class='ocrx_word' id='word_1_317' title='bbox 398 4213 618 4390; x_wconf 47' lang='lat' dir='ltr'>dg-bdm’</span> <span class='ocrx_word' id='word_1_318' title='bbox 645 4263 681 4318; x_wconf 83' lang='lat' dir='ltr'>dc</span> <span class='ocrx_word' id='word_1_319' title='bbox 701 4266 794 4320; x_wconf 76' lang='lat' dir='ltr'>Criea</span> <span class='ocrx_word' id='word_1_320' title='bbox 813 4273 866 4324; x_wconf 86' lang='lat' dir='ltr'>ate.</span> <span class='ocrx_word' id='word_1_321' title='bbox 885 4267 958 4320; x_wconf 87' lang='lat' dir='ltr'>trad.</span> <span class='ocrx_word' id='word_1_322' title='bbox 976 4215 1012 4323; x_wconf 70' lang='lat' dir='ltr'>de</span> <span class='ocrx_word' id='word_1_323' title='bbox 1030 4269 1173 4341; x_wconf 73' lang='lat' dir='ltr'>l’Anglaia</span> <span class='ocrx_word' id='word_1_324' title='bbox 1190 4250 1339 4336; x_wconf 66' lang='lat' dir='ltr'>(Amatard</span> 
     </span>
     <span class='ocr_line' id='line_1_42' title="bbox 329 4351 1409 4408; baseline -0.034 -17"><span class='ocrx_word' id='word_1_325' title='bbox 329 4371 336 4388; x_wconf 89' lang='grc'><strong>.</strong></span> <span class='ocrx_word' id='word_1_326' title='bbox 372 4355 401 4408; x_wconf 92' lang='grc' dir='ltr'><strong>Ρ.</strong></span> <span class='ocrx_word' id='word_1_327' title='bbox 444 4351 484 4390; x_wconf 76' lang='lat' dir='ltr'>r.</span> <span class='ocrx_word' id='word_1_328' title='bbox 1408 4351 1409 4354; x_wconf 76' lang='grc'>,</span> 
     </span>
    </p>
   </div>
   <div class='ocr_carea' id='block_1_14' title="bbox 0 0 1441 5084">
    <p class='ocr_par' dir='ltr' id='par_1_14' title="bbox 0 0 1441 5084">
     <span class='ocr_line' id='line_1_43' title="bbox 0 0 1441 5084; baseline 0 0"><span class='ocrx_word' id='word_1_329' title='bbox 0 0 1441 5084; x_wconf 95' lang='lat' dir='ltr'> </span> 
     </span>
    </p>
   </div>
  </div>
 </body>
</html>
