2840 5084
184 355 188 362 ’
284 363 333 435 28
452 361 488 440 Ι.
518 363 578 437 De
605 363 793 436 Graeciae
817 363 896 436 rita
921 387 1048 458 magn.
1068 379 1196 470 porti.

284 543 396 634 fissis,
411 543 594 620 descensu
601 543 821 645 pierumque
833 545 1033 644 praecipiti
1047 547 1095 635 ⁸).
1121 548 1225 622 luter
1235 551 1367 622 utrum·

285 667 357 813 ]ue
382 643 548 717 Eurotas
572 641 753 734 volvitur,
787 669 808 714 e
841 640 1012 716 confiniis
1037 643 1223 720 Arcadiae
1248 647 1366 717 oriun-

310 767 376 834 us,
413 747 451 814 et
488 744 528 813 in
568 745 687 813 sinum
718 739 946 812 Laconicmn
981 737 1207 840 detinens9).
1256 740 1366 814 Vallis

285 864 361 939 qua
376 841 491 910 currit
515 835 563 910 ad
580 837 874 936 septentrionem
892 841 1067 934 angusta,
1091 844 1234 938 passim
1253 865 1322 936 pro
1348 864 1366 911 e

285 933 504 1009 coeuntibus
527 939 722 1034 utriusque
747 932 877 1006 lateris
908 932 1098 1010 montibus
1131 940 1170 1012 et
1200 938 1274 1036 ipsi
1327 961 1365 1007 u·

283 1036 372 1105 mini
409 1029 686 1105 imminentibus
707 1030 794 1126 ¹⁰):.
823 1034 912 1130 quin
950 1030 1038 1104 olim
1076 1037 1188 1108 etiam
1226 1056 1365 1107 cursum

285 1134 365 1204 eius
392 1127 627 1206 obstruxisse
654 1126 840 1220 dicuntur,
871 1131 915 1200 ut
940 1133 1065 1202 omnia
1096 1129 1173 1206 tato
1199 1155 1295 1233 aqua
1318 1132 1365 1202 te-

282 1233 482 1326 gerentur,
520 1225 641 1299 doneo
681 1233 969 1313 terraemotus
1009 1231 1150 1302 exitum
1180 1225 1364 1330 patefece-

282 1325 448 1418 runt¹¹).
497 1321 660 1396 inferior
684 1320 791 1396 valtis
814 1325 938 1420 magis
961 1328 1142 1423 patescit,
1176 1330 1216 1401 et
1249 1323 1295 1400 ad
1320 1328 1363 1396 si-

282 1447 370 1495 num
394 1422 623 1494 Laconicum
647 1419 723 1495 late
753 1445 886 1493 versus
914 1420 1105 1496 meridiem
1137 1425 1271 1523 aperta
1302 1424 1363 1495 est.

282 1518 406 1592 Laeta
436 1517 530 1592 baec
561 1517 646 1591 loca
678 1521 716 1591 et
740 1515 952 1615 fertilia¹²)=
983 1524 1157 1617 superior
1182 1519 1289 1594 valiis
1312 1523 1363 1591 ni·

282 1619 366 1690 miis
392 1619 538 1688 aestate
564 1612 766 1710 caloribus,
791 1612 911 1689 bieme
928 1613 1137 1714 frigoribus
1156 1616 1362 1712 infestam:

282 1739 403 1814 neque
426 1713 552 1787 tamen
577 1716 643 1787 aut
666 1712 819 1811 ingrata
844 1713 1000 1786 cultoris
1023 1711 1160 1808 labori,
1195 1717 1261 1790 aut
1290 1717 1363 1788 ina-

280 1835 418 1885 moena
452 1808 635 1910 adspectu
653 1808 714 1908 14).
776 1809 901 1883 Etiam
944 1835 1040 1910 quae
1075 1813 1184 1887 trans
1224 1820 1361 1885 montes

282 1910 371 1982 sunt
381 1912 566 1982 maritima
582 1907 667 1984 loca
681 1932 834 2006 campos
849 1904 990 1980 babent
1001 1909 1096 1983 satis
1111 1907 1202 1985 beni
1235 1911 1361 2007 nos¹5).

282 2007 361 2104 Ipsi
386 2014 509 2080 autem
532 2009 680 2080 montes
705 2031 782 2077 non
808 2003 929 2078 solum
954 2009 1130 2080 tutiorem
1143 1937 1361 2082 abbostium

282 2101 560 2178 incursionibus
597 2104 826 2204 Laconicam
861 2105 1083 2200 praestant,
1112 2103 1193 2182 'sed
1232 2105 1361 2179 serrum

283 2226 432 2300 quoque
467 2203 505 2274 et
532 2225 722 2273 marmora
751 2225 795 2271 su
822 2197 992 2298 peditent
1005 2200 1065 2296 ¹⁶).
1106 2201 1267 2300 ⁸Littora
1294 2227 1361 2276 non

283 2225 856 2469 succumbendi
874 2293 1125 2493 teum
1153 2327 1345 2470 .

284 2489 451 2578 daurum,
475 2502 630 2590 Λιμηρὰν
652 2498 811 2590 propter
835 2488 907 2564 boc
931 2494 1054 2590 ipsum
1079 2422 1244 2588 ³dibtad,
1275 2423 1360 2568 alter

283 2586 384 2759 appd
409 2587 685 2784 (piyttfriupn,¹p)d
711 2592 830 2664 sinum
855 2589 1102 2684 Laconicum,
1134 2617 1213 2696 non
1237 2593 1361 2666 natura

284 2712 324 2762 se
377 2711 459 2762 are
500 2711 605 2761 aeus
666 2743 675 2766 .
1152 2719 1156 2724 ·

743 2898 777 2975 c.
802 2893 907 2985 rm.

378 3021 708 3102 Descendentibus
735 3023 781 3098 de
808 3025 974 3126 Taygeti
998 3027 1098 3122 iugis
1124 3024 1173 3099 ad
1198 3023 1359 3102 occiden-

281 3125 356 3200 tem
379 3123 516 3199 Nedon
539 3120 673 3200 ssurius
699 3125 877 3218 occurrit,
902 3149 925 3196 a
948 3121 1117 3196 Laconia
1140 3125 1358 3199 Messeniam

284 3302 482 3319 m-

351 3399 384 3470 a)
404 3383 501 3455 sau.
519 3401 604 3471 vni,
624 3402 642 3456 a
659 3422 687 3474 p.
707 3403 769 3458 aaa.
788 3402 934 3457 neuwen.
953 3423 981 3456 ι..
1001 3423 1024 3456 ..
1045 3409 1074 3457 a
1090 3424 1117 3476 p.
1136 3401 1197 3457 uc.
1217 3401 1279 3457 aar.

350 3491 382 3556 3)
402 3487 591 3558 sumni,
608 3492 667 3563 ap.
686 3493 749 3548 343.
767 3495 892 3549 Pausan.
903 3493 986 3562 v111,
999 3493 1044 3560 44,
1062 3493 1090 3548 3.
1107 3491 1251 3547 Dodrrell·
1269 3487 1358 3565 pm

350 3580 397 3641 10)
414 3577 519 3648 Polyb.
538 3580 579 3647 V,
597 3581 641 3643 33,
659 3583 686 3636 3.
716 3587 719 3596 '

350 3666 402 3735 ll)
420 3665 604 3738 wesseling.
624 3668 660 3722 nd
678 3669 801 3725 Diodor.
819 3669 890 3735 XV,
908 3669 952 3724 bt.

351 3756 398 3820 12)
417 3754 561 3810 Dodwell.
579 3778 608 3832 p.
628 3759 689 3814 294„
726 3759 770 3816 Cf.
787 3758 922 3814 Mueller·
940 3761 1011 3814 Dor.
1031 3760 1047 3814 l
1065 3777 1092 3830 p.
1113 3758 1155 3814 63.

348 3845 395 3910 13)
417 3845 559 3901 Dodwell.
578 3867 606 3920 p·
624 3849 687 3904 29⁰.

348 3933 395 4001 14)
415 3935 557 3991 Dodwell.
574 3954 603 4008 p.
622 3939 684 3994 287.
704 3937 741 3994 ot·
757 3937 859 4012 Enrip.
879 3957 923 4011 op.
941 3936 1040 3994 Str-ub.
1056 3935 1141 4006 vm,
1160 3933 1292 4010 apest.

346 4020 399 4086 15)
416 4023 551 4079 Mueller.
570 4023 591 4078 l.
608 4023 627 4079 l.

346 4109 395 4177 18)
412 4113 556 4172 Dodwcli.
575 4133 603 4187 p.
621 4115 684 4170 292.
720 4115 842 4170 Mounii
858 4113 982 4170 Miroeli.
1003 4112 1109 4168 Lacon.

346 4198 393 4260 17)
411 4200 520 4272 Scylax
536 4192 565 4274 p·
583 4203 629 4259 37.
667 4201 712 4258 cf.
731 4204 767 4257 G.
784 4203 915 4273 Weber,
934 4203 970 4258 de
989 4203 1105 4276 Gytheo
1124 4211 1154 4257 et
1170 4200 1351 4257 Laoedaemo·

274 4285 387 4326 morum
405 4290 437 4327 re
456 4273 562 4330 navali.
598 4273 731 4330 Heidelb·
749 4275 828 4333 1833.
847 4275 874 4332 8.
