2806 5080
208 363 239 440 Ῑ
242 363 281 437 V·
310 368 342 436 1.
366 357 426 437 De
452 357 741 458 Spartanorum
764 379 810 430 re
827 356 998 458 publico.
1072 357 1142 432 137
1245 439 1248 443 ,
1379 428 1381 440 ,

77 543 332 646 loquentesque
356 535 471 613 modo
496 541 597 612 inter
621 564 664 612 se
690 537 737 614 de
762 542 929 614 virorum
958 537 1147 615 bonorum

77 639 247 734 leudibus,
273 638 320 712 de
344 636 461 712 rebus
485 635 653 736 pulchris
679 645 717 710 et
741 635 922 729 honestis,
948 637 994 712 de
1015 637 1147 712 milita·
1255 691 1257 699 s

76 738 166 815 ribus
192 763 237 812 uc
262 735 435 810 civilibus
460 731 624 826 artibus,
655 731 769 806 modo
805 739 918 809 etiam
941 738 1029 808 ioco
1054 733 1147 809 libe·

76 837 133 912 raii
166 835 357 935 plenoque
394 831 537 930 leporis
571 857 616 904 ac
650 830 742 904 satis
776 837 923 907 utentes
962 831 1148 925 audirent,

75 934 363 1032 interrogatique
390 936 429 1003 et
451 931 525 1028 ipsi
550 925 598 1000 nd
649 929 953 1029 romptitudinem
974 933 1085 1003 animi
1111 931 1151 1004 et

76 1035 142 1104 oris
171 1030 400 1102 acuerentur
414 1028 456 1119 ¹).
513 954 665 1100 Deinde
696 1030 888 1100 exercitiis
919 1053 965 1100 ao
1003 1024 1150 1100 lusibus

74 1125 737 1320 bitti?„Rittiubttb‘ib
769 1121 1038 1295 tibitibi
1059 1151 1150 1295 ⁰1:¹2²

73 1329 207 1414 nentes,
232 1273 442 1410 hortantes,
467 1315 665 1392 laudantes
697 1318 765 1390 aut
795 1320 1029 1418 castigantes
1060 1317 1150 1392 ade·

73 1420 216 1511 rant²)=
251 1414 366 1517 quid?
408 1412 509 1517 qnod
548 1413 706 1514 quilibet
747 1422 871 1536 aetate
909 1419 1030 1490 maior
1066 1419 1151 1536 tan·

73 1519 381 1704 timebit?
394 1509 1151 1710 ,diffamabit¹23¹‘i‘305it‘ti3

71 1707 251 1784 tactorum
286 1710 450 1782 omnium
479 1704 661 1799 reddere,
694 1713 732 1780 et
762 1712 928 1781 monenti
959 1707 1154 1807 obtempe·

73 1832 150 1881 rore
177 1802 401 1904 oportebat,
437 1829 507 1878 nec
531 1807 564 1876 si
596 1805 807 1902 castigaret
837 1809 904 1878 aut
934 1803 1155 1880 verberaret

73 1901 187 1977 obniti
212 1910 280 1976 aut
303 1904 484 2002 conqueri
509 1898 610 1998 apud
628 1907 812 2070 parentes
830 1899 970 1975 licebat
981 1904 1030 2000 ³).
1072 1900 1154 1977 Sed

72 2005 229 2074 omnium
253 2003 414 2073 maxime
440 1995 578 2072 efficax
604 2024 627 2071 a
677 1996 856 2097 tingendo
879 2002 1067 2074 iuniorum
1098 2004 1155 2074 iu·

70 2102 177 2195 genia
202 2095 296 2172 iilud
323 2123 407 2174 esse
431 2092 644 2188 videbatur,
676 2099 709 2170 ei
735 2121 845 2196 quem
870 2099 988 2168 virum
1013 2093 1156 2170 bonnm

8 2251 9 2266 1
71 2200 176 2296 atque
203 2194 402 2268 bonestum
428 2196 634 2267 amatorem
659 2190 893 2288 babereutt)
920 2192 954 2266 b.
969 2219 1000 2273 e.
1026 2197 1157 2295 siquis

8 2279 10 2368 ἶ
70 2295 277 2390 praestanti
302 2316 432 2366 eorum
457 2293 570 2364 animi
596 2296 635 2364 et
660 2294 836 2389 corporis
861 2287 988 2364 indole
1021 2295 1156 2390 ceptus

8 2377 10 2486 t
71 2390 261 2463 conciliari
286 2414 354 2462 eos
379 2387 454 2462 sibi
478 2385 698 2462 familiarius
723 2390 891 2486 cuperet,
917 2392 1157 2463 utsnionimi

7 2511 9 2582 o
70 2483 165 2560 bona
199 2491 248 2560 iis
279 2489 488 2584 impertiret
502 2487 555 2583 ⁵),
584 2482 818 2584 profectibus
853 2511 984 2560 eurum
1014 2484 1156 2584 gande-

70 2589 135 2676 ret,
161 2592 337 2658 errantes
362 2586 400 2654 in
425 2585 522 2654 viam
546 2589 765 2674 revocaret,
797 2582 998 2681 exemplis,
1029 2587 1155 2658 consi·

7 2699 9 2730 i
69 2680 141 2772 tiis,
179 2707 303 2780 opera
333 2682 434 2754 omni
464 2678 578 2752 modo
609 2682 767 2753 iuvaret.
823 2681 875 2752 Et
907 2684 1154 2782 quantumin

34 2795 37 2806 '
70 2778 130 2850 tuti
161 2804 295 2852 amore
327 2778 554 2850 momentum
585 2803 670 2850 esse
703 2773 932 2852 crediderint
951 2776 1012 2864 ,ad
1044 2777 1156 2851 disci-

7 2879 9 2938 t
67 2877 203 2970 piinam
239 2878 442 2950 iuventutis
475 2898 525 2947 ex
557 2900 604 2948 eo
632 2877 804 2973 apparet,
864 2875 939 2948 uod
965 2881 1076 2974 turpe
1101 2881 1157 2947 iu·

7 2969 8 3036 t
68 2970 223 3047 renibus
257 2974 340 3045 erat
373 2975 407 3046 si
438 2974 644 3047 amatorem
683 2997 760 3045 uon
800 2899 1003 3067 baberent,
1046 2977 1157 3070 turpe

69 3151 270 3164 Μ

135 3248 168 3321 l)
188 3249 271 3306 Plut.
288 3249 415 3322 Lycurg.
436 3271 460 3309 e.
479 3253 514 3308 12
534 3252 598 3306 coll.
618 3272 643 3309 ο.
666 3253 710 3309 18.

130 3354 164 3429 2)
185 3357 267 3414 Plut.
286 3357 307 3412 1.
326 3357 346 3412 l.
367 3377 392 3412 u·
412 3359 456 3414 17.
493 3359 628 3432 Xennpb.
644 3381 669 3416 r.
687 3374 715 3426 Ρ.
735 3359 768 3414 Ι..
786 3361 825 3428 ΙΙ,
844 3359 887 3414 10.

133 3461 168 3534 3)
189 3463 329 3538 Xenopb.
348 3463 405 3518 l.1.
432 3467 487 3531 vl,
506 3469 532 3522 1.
551 3469 578 3522 2.
595 3467 665 3543 ibiq.
684 3469 774 3523 Hm.
793 3487 822 3540 p.
841 3466 903 3522 2³6.
939 3467 1061 3538 Dionys.
1086 3465 1157 3521 lixo.

69 3535 151 3592 Areb.
172 3541 213 3590 R.
234 3539 306 3606 XX,
323 3537 349 3591 3.
454 3547 459 3560 ’

134 3642 165 3710 4)
185 3647 234 3697 De
264 3661 420 3714 puerorum
450 3661 547 3697 amore
576 3647 606 3699 in
636 3648 715 3700 unir.
741 3644 777 3700 cf.
801 3643 1012 3700 Hemsterbusii
1037 3648 1160 3700 iunioris

69 3734 152 3810 oppra
178 3712 338 3806 §ocurrer-q)
361 3724 428 3803 tqm.
447 3717 463 3769 1
480 3735 507 3786 p.
527 3716 569 3772 79.
608 3717 717 3771 Jacobs
741 3719 823 3771 skud.
844 3719 948 3772 Reden
967 3737 994 3770 u.
1014 3715 1158 3771 Abbaudl.

67 3783 451 3928 {forwieofhettr
471 3787 863 3932 iii,.¹¹1¹1)0.¹'‘d}iitd,
886 3789 1022 3914 trit?
1036 3791 1161 3916 didi

67 3929 132 3984 biit.
151 3933 169 3985 1
186 3951 218 4002 p.
237 3933 273 3984 ΔΙ
294 3949 356 4004 sqq.
394 3930 617 4011 winkelmann.
636 3932 673 3986 ad
690 3932 839 3988 Plutarch.
858 3936 988 3987 Amator.
1008 3950 1033 3986 c.
1051 3933 1079 3987 d.

135 4032 168 4106 5)
190 4038 259 4126 Hrqo
277 4039 424 4108 pertinent
447 4040 565 4090 nomina
590 4058 635 4110 up.
655 4041 815 4110 Spartauos
839 4041 945 4094 usitate
968 4039 1101 4106 εἶσπνὴλας
1123 4037 1159 4096 de

31 4171 32 4174 ¹
68 4115 207 4232 'itti’
215 4108 357 4233 dd‘d‘
368 4109 787 4236 off‘'o22ttd:3.¹i1t¹:i
789 4112 880 4234 'dm
899 4114 951 4238 ¹³¹3?
969 4109 1161 4238 battis}

67 4179 101 4303 'db
118 4217 351 4324 Lycopbrsttil:
386 4251 551 4308 winkelm.
571 4253 608 4306 ad
625 4253 703 4308 Plus.
721 4256 849 4308 Amator.
857 4203 895 4330 Pp.
915 4256 976 4312 187.
1153 4219 1162 4238 ο
