2838 5080
260 385 333 458 39⁰
471 385 537 460 VI·
563 387 623 460 De
646 375 840 464 destitutis
863 384 963 462 iuris
983 389 1169 481 gentium.

269 571 301 643 si
327 593 401 668 qua
425 571 525 643 inter
549 567 713 670 populos
739 569 1049 666 controversia⁸l
1082 571 1148 644 arat
1183 569 1335 647 delictum
1401 655 1402 664 ,

270 665 428 739 alicuius
455 669 672 741 contraius
696 672 864 765 gentium
891 671 1130 770 commissqm'
1154 669 1200 744 ad
1224 676 1336 769 cogni·
1401 675 1402 722 l

271 765 413 837 tionem
440 789 570 838 eorum
597 763 760 838 delatum
788 773 888 838 esset
903 770 951 862 ⁹),
976 791 1211 867 poenamque
1226 768 1358 841 adven·

273 887 339 935 sus
364 867 507 937 noxios
536 861 634 935 bello
661 861 956 962 exsequendam,
983 866 1016 936 si
1043 890 1139 962 opus
1157 873 1266 956 esset,
1288 865 1338 938 de·

274 956 481 1033 cernebant
494 961 554 1055 ¹⁰).
602 961 741 1034 Verum
756 964 831 1033 tam
845 956 1052 1059 imparibus
1066 963 1164 1034 inter
1177 989 1217 1034 se
1231 966 1340 1061 singu·

275 1055 395 1128 larum
437 1062 629 1132 civitatum
666 1054 831 1150 viribus,
872 1083 983 1159 quum
1017 1055 1114 1131 aliae
1152 1055 1283 1157 opibus
1315 1067 1343 1131 et

275 1155 433 1252 imperio
466 1152 540 1229 lale
573 1153 874 1247 dominarentur,
912 1153 1008 1229 eliae
1041 1153 1211 1229 intirmae
1243 1183 1344 1253 augu-

277 1255 420 1351 stisque
446 1251 586 1325 linibus
610 1251 777 1324 inclusae
802 1256 866 1325 rix
892 1256 1065 1351 seipsae
1090 1255 1184 1325 satis
1216 1257 1344 1328 tueren-

276 1349 359 1437 tur,
397 1348 493 1423 aliae
525 1347 686 1450 denique
719 1347 863 1424 atienae
898 1348 1144 1422 dominationi
1176 1347 1346 1424 subierim

279 1449 480 1544 essent¹¹)‚
506 1472 582 1520 non
609 1451 741 1520 mirum
767 1454 824 1520 est
848 1445 1070 1548 plerumque
1095 1445 1346 1520 iudiciumem-

277 1541 558 1640 phictyonicum
592 1571 614 1618 a
656 1544 937 1644 potentioribus
976 1547 1258 1642 comtemptum,
1293 1571 1348 1618 nee

279 1642 352 1710 nisi
378 1638 426 1712 ab
453 1645 500 1714 iis
526 1639 768 1716 observatum
794 1669 892 1736 csse,
927 1644 990 1743 qui
1016 1645 1104 1738 cogi
1136 1640 1248 1716 sacile
1277 1669 1349 1742 pos·

280 1741 377 1809 sent.
427 1739 560 1839 Neque
585 1743 704 1839 igilur
728 1744 767 1813 iu
794 1743 976 1814 maiorum
1002 1740 1193 1813 civitatum
1225 1739 1350 1813 discor·

281 1830 351 1906 diis
378 1830 571 1937 bellisque,
597 1835 699 1911 velut
724 1837 1001 1935 Spartanorum
1027 1836 1350 1928 eththeniensinm,

280 1927 394 2003 ullum
421 1939 481 2006 est
514 1937 762 2034 interpositae
792 1933 1104 2036 Amphictyonum
1137 1937 1352 2008 auctoritatis

281 2033 565 2126 vestigium¹²):
600 2039 639 2106 et
663 2029 760 2106 aliae
780 2056 936 2204 quoque
969 2035 1252 2106 controversias
1281 2057 1352 2105 sues

280 2149 357 2198 rron
385 2127 464 2202 icre
491 2127 539 2202 ad
564 2127 635 2204 hoe
660 2129 728 2206 sed
754 2157 777 2202 a
835 2127 983 2231 aliquos
1016 2154 1066 2204 ex
1098 2134 1352 2227 compromisso

284 2219 452 2300 arbitros
479 2225 764 2321 deierebeul¹³).

748 2394 784 2494 q.
808 2396 909 2472 xiv.

380 2525 499 2603 lluius
532 2532 608 2601 tam
647 2531 811 2628 exiguae
836 2527 1079 2601 ‘auctoritatis
1124 2553 1239 2629 quum
1278 2524 1355 2604 uiae

289 2669 487 2684 mun-

285 2755 328 2788 τον
343 2735 456 2802 ποιήσειν
471 2735 538 2806 μήδ’
557 2735 658 2792 ὑδάτων
675 2741 840 2808 ναματιαίων
855 2738 938 2812 εἷρξαι
954 2735 1011 2810 poi?
1027 2737 1056 2791 ἐν
1072 2739 1175 2808 πολέμῳ
1190 2735 1249 2808 poll
1266 2736 1292 2788 lv
1305 2731 1356 2806 elpi-

284 2828 324 2897 vp:
342 2807 390 2860 dclv
407 2809 435 2862 de'
452 2825 487 2866 τις
502 2809 577 2866 ταῦτα
595 2811 711 2886 παραβῇ,
729 2812 885 2886 στρατεύσειν
900 2809 943 2864 ἐπὶ
959 2810 1043 2864 τοῦτον
1065 2809 1112 2864 καὶ
1135 2812 1180 2866 τὰς
1204 2809 1287 2866 nube
1304 2807 1355 2858 ἀνα-

283 2896 384 2947 στησειν.

356 2984 388 3056 8)
407 2991 484 3042 Alaea
501 2988 686 3058 duqaxrmxui
696 2987 754 3043 ὅσαι
771 2989 857 3044 πόλεσι
873 2983 937 3062 πρὸς
952 2989 1036 3045 πόλεις
1051 2987 1120 3041 εἰσίν.
1165 2985 1265 3040 strab.
1284 2985 1328 3049 111,
1342 2983 1355 3036 3

285 3077 311 3128 p.
330 3059 391 3112 lue.
429 3061 504 3114 Hinc
533 3059 750 3134 amphictyones
769 3064 794 3114 ei
809 3063 838 3114 ix
854 3061 954 3115 πολλῶν
969 3062 1068 3114 πόλεων
1084 3056 1177 3130 αἱρετοὶ
1196 3057 1310 3110 δικασταὶ
1324 3056 1356 3106 di-

285 3139 390 3182 cuntur
409 3134 483 3203 apud
504 3133 614 3186 Timere.
633 3133 704 3187 Lex.
731 3132 799 3185 Plat
823 3153 847 3186 ε.
871 3151 898 3184 v.
920 3131 1061 3202 Exempla
1086 3129 1145 3180 vid.
1171 3148 1218 3200 ap.
1238 3127 1356 3180 Plutarch

286 3205 393 3256 Cimon.
414 3225 438 3256 e.
459 3207 484 3258 8.
521 3207 642 3259 Diodor.
660 3203 742 3264 tvl,
761 3205 867 3258 23..οι·.
886 3206 916 3256 in
934 3201 1181 3274 Neaer.p.1378.
1223 3200 1357 3254 Dubiari·

241 3279 243 3288 ’
286 3273 389 3326 dentur
406 3295 479 3348 quae
499 3279 596 3330 Cicero
620 3277 656 3329 de
674 3279 788 3330 invent.
807 3277 846 3344 11,
869 3277 905 3332 23
929 3281 958 3328 et
982 3270 1356 3340 Qintitiau.1nstiu.or.v‚

291 3345 400 3405 10,111
427 3355 664 3414 commemorant3
690 3347 890 3400 Demosthenis
914 3355 1007 3400 eutem
1033 3346 1128 3398 locum
1160 3343 1197 3395 de
1221 3363 1314 3397 coron.
1335 3359 1355 3411 p.

286 3417 339 3470 272
359 3418 417 3472 alio
434 3425 580 3492 portinere
598 3419 765 3474 Boeekhius
786 3420 870 3472 docet
889 3417 925 3472 de
943 3438 1003 3472 oco.
1022 3438 1044 3470 r.
1067 3431 1093 3484 p.
1115 3420 1149 3470 Α.
1170 3417 1184 3467 1
1204 3436 1232 3488 p·
1251 3417 1308 3468 ddi.

356 3525 386 3592 9)
405 3527 549 3582 Plutarch.
570 3531 701 3592 Qnseett.
722 3529 825 3580 Graec.
844 3527 921 3582 ete.
949 3525 1010 3578 Sed
1028 3527 1111 3576 etiam
1130 3527 1259 3594 praemia
1277 3531 1303 3574 et
1318 3519 1357 3570 bo·

287 3612 373 3650 nores
393 3601 461 3651 viris
479 3601 554 3654 hene
573 3604 681 3654 meritis
705 3618 913 3671 nonnumquam
937 3598 972 3650 ab
998 3595 1250 3668 amphictyonibus
1280 3595 1357 3646 decer·

286 3670 437 3723 uehuntur.
466 3673 536 3726 vid.
557 3675 714 3729 Tittrueun.
734 3692 760 3742 p.
781 3673 833 3740 126
851 3691 892 3744 sq.

358 3779 405 3844 10)
426 3779 496 3832 Vid.
516 3779 651 3834 Aeoelrin.
669 3781 699 3831 in
719 3775 846 3849 ctesiph.
866 3799 891 3849 p.
911 3779 971 3830 5⁰0.
989 3774 1050 3830 519.
1089 3773 1133 3826 Cf.
1153 3773 1250 3844 Δόγμα
1270 3767 1356 3852 ampbl·

288 3855 423 3920 clyenum
444 3871 486 3922 ap.
505 3851 653 3906 Demosth.
673 3851 708 3902 de
727 3870 826 3902 eoron-
846 3870 871 3922 p.
890 3849 952 3914 279,
972 3867 1005 3900 ee
1023 3845 1059 3899 de
1081 3847 1184 3918 poenis
1209 3846 1245 3896 eb
1270 3839 1356 3912 emplt·

288 3921 442 3992 etp-onibus
461 3923 578 3978 decerni
596 3923 689 3977 solitis
707 3923 764 3975 vid.
785 3923 865 3992 impr.
885 3924 970 3992 tlorp.
990 3921 1081 3972 inser.
1100 3936 1147 3970 no.
1168 3917 1249 3970 1688.

363 4029 409 4100 ll)
428 4031 463 4084 Ε.
484 4051 507 4082 r.
526 4034 614 4085 Iones
632 4029 870 4099 Atheniensibus,
888 4029 1050 4097 Magnetes,
1073 4023 1243 4092 Perrhaebi,
1267 4017 1356 4078 Achaei

289 4097 447 4156 Phthiotae
465 4102 621 4157 Thessulis.

297 4265 300 4276 ,
358 4207 847 4280 12)=cf.Trumann.p.146·qq.
885 4203 982 4274 Τῆνέν
998 4207 1104 4278 Aelqoif
1119 4199 1197 4258 melu
1214 4221 1273 4256 non
1295 4199 1356 4254 iniu-

289 4285 333 4336 ria
351 4282 561 4338 Demosthenes
581 4283 658 4346 dicit,
677 4281 714 4336 de
732 4299 803 4354 pace
820 4299 850 4351 p·
868 4279 905 4334 63
924 4285 996 4336 extr.

359 4390 408 4462 13)
427 4388 499 4446 Vid.
518 4407 595 4462 supr.
614 4407 640 4443 o.
661 4390 676 4444 1
696 4384 722 4460 §.
742 4388 879 4457 184.
