2840 5084
519 353 777 428 Prooemrism.
1172 355 1194 429 7

112 533 217 628 est2).
269 521 427 607 Solonis
452 539 490 606 et
513 531 640 634 legum
665 533 851 634 pauculae
884 533 1067 637 quaedam
1100 533 1188 611 reli·

111 634 209 732 quiae
235 637 274 703 et
299 656 433 704 versus
465 631 610 733 aliquot
641 636 847 730 supersunt
875 659 955 707 rem
981 632 1187 708 athenien·

25 675 27 810 l
109 733 192 802 sium
225 724 416 827 publicam
449 731 665 828 spectantes
679 731 726 827 3).
774 731 874 804 Post
905 729 1089 806 Solonem
1120 757 1185 806 ns-

109 851 169 926 que
202 824 249 898 ad
280 825 455 900 Socratis
488 827 649 901 aetatem
684 828 893 902 extiterunt
925 827 1074 930 quidem
1107 855 1186 903 non

106 925 203 1021 pauci
230 925 271 997 et
294 926 434 1022 poetae
460 925 499 997 et
523 923 711 1022 pedestris
737 927 924 999 orationis
957 928 1184 1025 scriptores:

106 1018 162 1093 sed
196 1019 428 1120 pedestrium
468 1019 557 1094 nihil
596 1025 669 1096 nisi
704 1027 932 1122 paucissima
969 1022 1185 1122 fragmenta

105 1121 364 1287 wfersunle’
402 1144 475 1289 qqp
506 1117 623 1238 multo
656 1120 790 1240 melius
824 1117 1028 1292 detpipetils
1059 1123 1183 1292 actpm

25 1279 26 1286 .
99 1241 376 1412 {insiliit
391 1242 1103 1414 q..itti§.titiliziaiitit
1131 1245 1184 1392 i:

104 1407 200 1484 rilem
227 1413 293 1511 qui
318 1408 383 1483 ille
409 1413 534 1485 aetate
559 1416 597 1484 in
624 1413 767 1514 aliquot
793 1415 977 1487 Graeciae
1008 1409 1184 1512 partibus

25 1547 26 1584 ι
103 1505 164 1579 luit
187 1509 328 1580 statum
355 1505 617 1582 illustrandum
633 1511 678 1600 ⁵).
705 1555 752 1568 -
779 1511 1001 1611 Sequuntur
1011 1515 1185 1611 tempora

25 1631 26 1656 ι
105 1608 212 1678 omnis
247 1609 478 1704 scriptorum
512 1612 668 1704 generis
699 1609 952 1682 feracissima:
991 1635 1012 1682 e
1046 1603 1183 1708 quibus

104 1705 209 1798 primo
235 1699 326 1775 loco
355 1701 522 1776 historici
547 1705 865 1779 commemorandi
891 1708 997 1799 sunt,
1031 1710 1094 1806 qui
1119 1729 1183 1778 ae·

105 1797 238 1898 qualem
273 1802 410 1872 aetatis
442 1827 534 1874 snae
568 1809 635 1874 aut
669 1827 745 1878 non
779 1802 897 1875 multo
935 1806 1182 1875 vetustiorem

103 1900 308 1970 memoriam
334 1895 470 1970 litteris
496 1900 784 1995 consignarunt,
810 1897 1042 1992 Herodotus,
1075 1897 1182 1972 Thu·

104 1991 1183 2182 iiitl⁰⁵sil5iti¹¹⁰hiiiii..hliiiiiiltill

104 2172 348 2262 narrationem
375 2186 557 2262 hahemus
583 2120 708 2262 clerum
734 2195 944 2283 gestarum,
976 2186 1045 2263 sed
1071 2193 1184 2264 etiam

105 2282 141 2357 de
168 2283 383 2360 civitatibus
408 2285 689 2360 Atheniensium
725 2289 764 2360 et
793 2285 1181 2362 Lacedaemoniorum

104 2378 206 2458 libros
221 2387 270 2480 6).
311 2383 446 2456 l'lures
474 2382 717 2457 historiarum
744 2389 952 2484 scriptores
1006 2387 1184 2474 eriernnt,

105 2484 155 2578 qui
184 2484 253 2556 aut
284 2485 497 2554 uniuersam
532 2479 747 2577 historiam,
784 2480 910 2584 quoad
952 2411 1016 2556 illa
1056 2483 1182 2556 aetate

104 2638 290 2658 1-

157 2721 184 2788 2)
202 2725 275 2778 Vid·
299 2725 427 2780 Bentleii
450 2744 564 2798 opusco·
590 2745 617 2796 p.
642 2725 697 2781 340
720 2745 782 2852 sqq.
824 2727 933 2798 Heynii
957 2743 1072 2797 opuscc.
1098 2722 1178 2778 acad.

105 2801 160 2848 tom.
176 2798 210 2850 ll.
224 2799 405 2870 prr-119.
441 2799 660 2852 Scinio-Croix
678 2817 727 2851 sur
758 2818 774 2851 a
792 2797 958 2869 legislation
978 2797 1013 2850 de
1029 2795 1058 2850 ls
1070 2795 1179 2866 grands

102 2865 188 2937 lisiae,
206 2871 239 2923 in
259 2871 375 2923 Memm.
396 2869 432 2924 da
450 2869 560 2924 l'Aoad.
580 2870 630 2923 des
649 2873 734 2925 inser.
753 2878 822 2926 tom.
842 2871 936 2925 xiil.
956 2889 984 2941 p.
1002 2869 1057 2924 256
1074 2887 1136 2940 sqq.

25 3011 26 3030 .
157 2973 188 3045 3)
208 2975 330 3030 Solonis
347 2974 535 3032 Atheniensis
553 2981 710 3034 carminum
730 2999 803 3052 quae
822 2982 986 3052 supersunt,
1005 2974 1050 3028 ed.
1069 2973 1108 3028 N.
1121 2975 1178 3026 na·

101 3041 174 3101 chius.
209 3052 305 3104 Bonn.
324 3049 403 3104 1825.
422 3049 448 3103 8.

158 3153 188 3222 4)
206 3156 420 3209 Historioorum
444 3157 620 3212 Graecorum
649 3160 799 3230 antiquiss.
828 3155 1003 3224 fragmenta,
1032 3149 1099 3206 coll.
1125 3169 1180 3205 em.

44 3223 48 3234 ’
174 3229 620 3354 efran-..rana
639 3231 772 3356 aar·
796 3223 1179 3352 manaan

100 3312 230 3424 llellanici
249 3319 348 3425 bessbii
367 3371 529 3442 fragmenta
548 3322 614 3426 ollii
633 3338 688 3426 stol
723 3334 771 3427 Fr:
791 3374 844 3424 Gu.
864 3337 960 3425 Stura·
981 3369 1024 3424 ed·
1043 3371 1070 3424 2.
1097 3333 1177 3438 Lips:

102 3438 164 3566 ἰξέῗ..
180 3443 214 3568 88.
252 3445 392 3496 Hecataei
415 3444 525 3500 Milesii
543 3445 704 3516 fragmenta
722 3445 766 3500 ed.
785 3447 824 3498 R.
842 3445 879 3498 Η.
899 3443 1040 3498 Klauaen.
1076 3437 1175 3493 Berol.

156 3617 184 3685 h)
203 3617 385 3690 Theognidis
406 3621 556 3695 reliquiae.
578 3643 656 3678 novo
682 3623 794 3677 ordino
808 3621 914 3694 dispos.
933 3637 1036 3674 comm.
1060 3617 1122 3669 crit.
1146 3619 1176 3668 et

101 3693 157 3741 nott.
176 3689 230 3748 adi.
249 3696 299 3747 Fr.
315 3693 371 3748 'l'h-
384 3694 519 3751 Wellser.
547 3695 681 3751 Francol'.
696 3697 731 3748 ad
740 3697 782 3749 Μ.
799 3696 876 3750 1826.
886 3695 912 3748 8.
925 3720 957 3732 -
978 3693 1035 3744 Gu.
1048 3683 1175 3740 Waebs·

101 3759 178 3829 nuth,
203 3763 239 3818 de
265 3766 394 3820 Pindaro
421 3770 464 3820 rei
487 3769 620 3841 publicae
644 3768 862 3826 constituendae
882 3773 911 3818 et
928 3759 1074 3833 gerendae
1092 3776 1174 3829 prae·

102 3839 208 3901 aptore.
245 3837 305 3894 Kil.
327 3839 405 3894 1823.
425 3841 468 3894 24.
487 3845 564 3894 4.-
593 3841 672 3904 Quid
690 3841 833 3893 Homerus
853 3845 882 3890 et
898 3834 1042 3890 Pindarus
1061 3830 1097 3882 de
1115 3831 1174 3883 vir·

101 3907 156 3972 tute,
174 3911 297 3978 civitate,
319 3910 372 3963 diis
391 3915 553 3967 statuerint.
589 3915 652 3966 Ser.
673 3913 708 3965 0.
726 3913 827 3982 Zeyss.
845 3911 947 3962 Jenae.
966 3903 1045 3958 1832.
1064 3903 1091 3956 4.

158 4010 186 4076 li)¹
203 4015 280 4068 Sunt
302 4023 398 4070 tamen
424 4019 539 4074 bilibri
557 4039 575 4072 a
592 4019 689 4072 multis
706 4015 896 4090 Xenophonti
919 4010 1089 4076 abiudicati,
1116 4025 1171 4062 nee

101 4075 204 4138 tortasse
221 4089 337 4142 iniuria.
358 4089 419 4142 Vid.
438 4089 474 4144 de
492 4093 546 4146 hae
565 4094 734 4163 quaestione
752 4094 783 4144 F.
802 4091 908 4150 Haase,
932 4081 1022 4154 prael.
1043 4081 1079 4134 ed
1097 4083 1170 4132 Xon.

101 4148 129 4202 lt
143 4173 196 4228 rep.
213 4159 318 4226 Laced.
339 4159 448 4226 (Berol.
468 4163 560 4228 1833.)
581 4166 629 4236 qui
647 4171 743 4215 tamen
761 4165 822 4232 ipse
839 4158 907 4210 libri
926 4155 1101 4208 authentiam
1120 4151 1169 4204 de·

101 4219 184 4296 leadit,
201 4233 438 4304 quemadmodum
458 4242 487 4289 et
505 4237 540 4289 G.
549 4237 581 4288 F.
592 4237 748 4289 Hermann.
763 4236 793 4286 in
813 4233 972 4284 Zimmerm.
984 4227 1077 4280 diurn.
1087 4223 1171 4276 scho-

102 4290 152 4348 last.
169 4320 230 4356 ann.
251 4305 332 4360 1831.
351 4325 399 4363 ιιο.
419 4306 479 4360 149.
502 4315 531 4362 et
548 4307 616 4362 libri
635 4307 669 4360 da
688 4325 748 4378 rep.
766 4303 833 4360 Atb.
852 4303 899 4374 Fr.
914 4302 970 4372 Gn.
984 4299 1118 4370 Krnegsr
1135 4294 1170 4348 de

102 4367 150 4421 vita
164 4374 364 4450 Xenophontis
382 4399 409 4453 p.
429 4381 474 4434 31.
