2814 5080
129 837 133 844 ’
277 812 416 890 biieum

68 4321 88 4366 '⁰
112 4341 115 4348 ’
132 4351 136 4369 ·
323 4337 354 4406 4)
372 4337 509 4396 Aesebim
526 4343 558 4396 in
576 4340 722 4397 'l'imcrcb
738 4361 767 4416 Ρ.
785 4341 919 4400 34-39.

279 339 354 414 338
480 336 520 410 V.
543 335 603 408 De
626 330 849 434 republica
873 330 1172 410 Atbembmeicm.

273 530 381 598 terea
413 543 520 594 suum
553 517 709 617 quiaque
740 511 936 591 custodem
967 540 991 589 a
1014 513 1234 614 parentibus
1256 512 1341 590 addi·

276 623 368 711 tum,
393 614 676 783 paedagogum,
702 616 764 713 qui
791 638 874 688 cum
901 615 940 687 et
965 610 1171 690 deduceret
1193 611 1343 688 inludun

276 716 426 791 domurn
453 739 499 787 ua
525 737 567 784 re
594 717 734 802 uceret,
761 715 800 783 et
815 714 969 784 omnino
995 709 1217 810 prodeuntia
1239 714 1273 784 in
1289 737 1344 809 pu·

427 741 553 884 (deteri
577 805 813 902 adhaereret,
838 817 881 883 ut
905 805 1046 882 nntium
1061 835 1139 884 non
1155 813 1258 910 pueri
1270 811 1344 882 tem·

276 936 349 1012 pus
380 912 446 984 aut
478 903 549 981 sub
582 907 779 1004 parentum
812 913 878 980 aut
909 902 981 980 sub
1013 909 1276 1006 magistrorum
1297 911 1346 978 aut

279 1005 350 1084 aub
383 1003 603 1106 paedagogi
634 1000 754 1077 ocutis
784 1005 977 1103 ageretur.
1033 999 1083 1076 iii
1117 1029 1138 1078 e
1175 1027 1348 1078 servomn

277 1129 434 1178 numero
467 1096 750 1199 deligebantur:
789 1125 976 1203 quumque
1007 1098 1149 1176 nulium
1179 1103 1252 1174 nisi
1273 1111 1347 1198 {spe-

278 1204 380 1276 ctato
413 1198 486 1274 tide
511 1224 557 1271 ac
581 1195 774 1297 probitate
798 1196 1067 1298 paedagogum
1093 1197 1170 1296 tegi
1195 1199 1348 1271 eonveni-

276 1307 349 1392 rct‚
375 1323 451 1372 non
476 1321 567 1370 raro
592 1303 716 1369 tumen
742 1298 767 1368 ii
792 1297 1027 1395 potissimum
1053 1299 1165 1395 capti,
1200 1298 1262 1396 qui
1284 1291 1350 1367 aiiis

274 1398 491 1470 ministeriis
548 1394 681 1491 roptcr
712 1400 873 1468 aetatem
913 1395 980 1466 ant
1015 1390 1268 1468 infirmitatem
1297 1393 1349 1464 ni·

275 1519 348 1568 nus
371 1491 501 1566 idonei
522 1419 775 1584 baberentur3
814 1515 974 1592 quorum
1005 1515 1083 1564 non
1114 1490 1270 1589 poteret
1290 1512 1351 1562 nou

277 1593 420 1690 exigua
452 1587 634 1662 adversus
663 1613 805 1686 pueros
838 1588 1047 1662 auctoritas
1079 1595 1117 1662 et
1142 1591 1269 1688 specie
1290 1611 1350 1658 ma·

277 1691 340 1787 gis
365 1712 474 1787 quem
499 1710 542 1759 re
568 1683 742 1759 custodia
767 1709 853 1760 esee
867 1687 912 1778 2).
962 1681 1132 1760 Publicis
1165 1686 1289 1760 antem
1310 1681 1351 1756 ie·

276 1781 392 1883 gibus
431 1807 675 1884 quaecunque
707 1781 755 1855 ad
788 1779 992 1856 arcendam
1022 1808 1046 1856 a
1076 1786 1207 1881 pueris
1239 1805 1351 1856 corru-
1391 1841 1392 1846 ,

306 1880 418 1956 teiam
449 1880 702 1978 pertinerent,
739 1877 1025 1978 diligentissime
1056 1883 1188 1954 cauta:
1231 1905 1278 1953 ne
1299 1903 1353 1976 pa·

274 1907 537 2055 beneficorum
562 1979 958 2078 gymnasticorumqne
983 1981 1254 2052 exercitiorum
1269 1977 1351 2048 servi

275 2079 481 2177 participes
505 2073 654 2167 tierent,
679 2098 726 2148 ne
751 2079 941 2169 ingenuos
963 2099 1107 2173 pueros
1130 2071 1352 2170 amareut³):

275 2200 323 2247 ne
349 2179 436 2246 ante
462 2169 555 2245 solie
580 2176 705 2245 ortum
729 2169 808 2244 iudi
831 2172 1063 2271 aperientur,
1088 2197 1183 2246 nevo
1199 2179 1289 2272 post
1303 2197 1352 2243 oc·

275 2295 403 2344 casum
432 2271 624 2367 paterent:
660 2293 709 2342 ne
742 2265 859 2342 adulti
890 2265 937 2342 ad
998 2295 1113 2344 ueros
1141 2271 1354 2344 intromitte·

273 2370 427 2460 rentur,
472 2391 566 2440 nere
597 2367 818 2440 Museorum
849 2368 914 2439 aut
982 2391 1220 2440 ermacorum
1256 2365 1354 2440 ierim

275 2460 478 2562 agentibus
501 2461 855 2557 immiscerentur⁴)‚
889 2471 1047 2564 atquae
1073 2467 1162 2538 aunt
1187 2463 1355 2538 eliacim

273 2563 450 2661 generis:
477 2585 700 2663 quamquem
723 2559 907 2664 pleraque
931 2558 1067 2636 borum
1091 2565 1165 2638 iam
1192 2561 1354 2639 Socratis

272 2746 472 2762 m

277 2869 392 2944 quidem
417 2869 548 2926 diversos
570 2869 661 2926 fuisse
684 2869 721 2924 sb
745 2871 797 2939 iis,
823 2872 873 2944 qni
895 2879 1039 2928 certorum
1062 2873 1199 2929 indorum
1224 2891 1309 2929 csnss
1325 2870 1353 2924 sd

274 2953 405 3016 sumptus
422 2945 638 3015 gymnasiorum
662 2941 844 3015 praebendoa
868 2945 1133 3014 constituebantur,
1162 2950 1217 3001 rix
1243 2945 1353 3000 dubitari

273 3023 384 3088 potest:
414 3033 585 3088 quamquam
607 3013 724 3068 illorum
751 3033 867 3089 qnoque
891 3035 966 3071 nnus
995 3037 1012 3072 o
1033 3019 1182 3072 veterflms
1207 3017 1354 3073 Aeschine·

275 3093 373 3141 orator
396 3090 571 3142 mentionem
594 3086 678 3156 iscit,
707 3086 812 3140 deinde
831 3094 932 3142 auctor
948 3089 1073 3144 Axioobi
1091 3090 1109 3144 1.
1130 3090 1149 3143 1.
1165 3091 1261 3162 Eryx.
1280 3109 1302 3144 c.
1317 3089 1353 3143 u.

272 3159 532 3232 inscriptionesquc
549 3157 667 3214 multoe.
704 3157 766 3212 Sed
784 3158 820 3214 dc
838 3158 884 3214 bis
903 3166 933 3215 et
951 3161 987 3216 dc
1005 3169 1115 3217 mutsts
1125 3162 1253 3218 subinde
1266 3179 1352 3216 corun

273 3232 387 3282 ratione
410 3233 480 3284 satis
505 3237 549 3285 est
571 3229 747 3286 Abrensium
771 3229 905 3302 laudare,
934 3231 970 3286 dc
987 3233 1168 3288 Athenarum
1196 3243 1276 3289 ststn
1298 3239 1352 3306 post

271 3299 399 3355 foederis
423 3300 543 3357 Achaioi
575 3305 723 3357 interitum
751 3298 903 3374 (Gotting.
930 3306 1008 3361 lete.
1031 3303 1064 3376 4)
1088 3319 1118 3372 p.
1136 3307 1180 3361 bd.
1227 3308 1350 3362 ceterum

273 3374 359 3425 etiam
384 3390 429 3497 :13⁰
447 3375 568 3428 Aristot.
595 3375 681 3428 Polit.
699 3375 753 3439 vl,
772 3373 790 3429 8
808 3383 880 3429 extr.
902 3381 1099 3454 γυμνασιαρχία
1123 3397 1189 3434 cum
1206 3397 1350 3454 mm

271 3445 331 3517 tlte,
348 3461 387 3498 πα
428 3448 515 3520 mutet,
533 3449 713 3532 muoqoiexiu
731 3450 921 3518 componitur.
1389 3501 1390 3504 Ἴ

340 3584 372 3654 2)
391 3585 460 3642 vid.
478 3587 597 3641 Jacobs.
617 3587 677 3642 1.1.
696 3609 723 3662 p.
742 3589 902 3645 let-lto.
938 3591 974 3646 A.
994 3592 1123 3647 Grsmcr.
1139 3591 1160 3648 1.
1178 3593 1199 3648 1.
1217 3615 1249 3668 p.
1266 3596 1299 3650 ll
1316 3611 1348 3666 eq·

268 3659 302 3712 1³.
321 3659 450 3728 cremer,
472 3658 645 3714 Gcscbicbte
664 3659 717 3716 der
738 3660 906 3734 Essicbung
923 3681 951 3718 n.
970 3662 1021 3718 des
1039 3664 1221 3722 Unterriclsts
1241 3664 1345 3737 (1315oe

245 3815 248 3824 ¹
266 3729 337 3784 feld.
356 3730 433 3786 1832
452 3727 495 3800 8.)
514 3733 530 3786 l
548 3752 577 3804 p.
596 3732 658 3788 258.
1389 3763 1390 3770 ¹

335 3850 368 3924 ³)
387 3853 524 3910 Aescbin·
549 3859 580 3910 in
605 3855 750 3911 Timarcb.
793 3857 1217 3916 .ltt.1²lutnct.s‹›lon.c.
1239 3863 1253 3917 l
1274 3863 1344 3934 Sept

265 3926 335 4000 Sap.
354 3946 441 3981 conr.
458 3947 485 4000 p.
506 3929 604 3983 1521)
622 3927 719 4002 ibique
738 3876 948 4000 udyttentcet.
966 3937 1035 3984 tom·
1054 3933 1083 3986 11
1100 3952 1128 4004 p.
1147 3933 1201 3990 238
1219 3933 1300 4008 Iaips.
1317 3963 1344 3978 -
1389 3975 1390 3990 r

263 4001 437 4068 Peregrinos
462 3995 499 4052 sd
517 4002 624 4054 civium
641 4001 793 4072 gymnasia
812 4001 951 4056 sdsnissos
970 4021 1034 4057 esse
1053 4009 1180 4072 constat,
1202 4015 1284 4060 certe
1299 4022 1343 4076 pe-

262 4070 431 4124 sterioribus
449 4071 740 4146 temporibum‘qnum
758 4073 841 4128 multi
859 4074 986 4146 undiquc
1005 4075 1203 4132 adolescentes
1223 4075 1343 4148 discipli·

260 4158 317 4196 nae
341 4161 429 4198 casua
451 4145 581 4198 Atbcncs
604 4145 790 4202 confluerent.
826 4145 897 4202 vid.
914 4145 1044 4202 Boeolrb.
1068 4148 1104 4202 de
1127 4147 1251 4224 epbebis
1269 4145 1342 4223 (pro-

260 4230 334 4267 ocm.
349 4221 423 4269 sest.
442 4211 533 4286 1819.)
552 4234 580 4288 p.
601 4213 619 4271 8
638 4224 667 4270 et
683 4213 809 4274 Absens.
826 4216 848 4272 l.
866 4216 887 4272 1.
905 4237 933 4292 p.
949 4219 995 4276 53.
