2814 5080
252 355 289 426 9.
315 357 453 431 Status
470 372 563 458 post
579 361 704 458 procl.
724 359 908 434 charron.
1059 362 1133 436 359

61 537 199 614 mutatis
231 536 469 612 indeterius
501 536 669 612 moribus
695 541 801 615 tanto
828 537 912 639 plue
938 538 1010 614 sihi
1035 545 1128 617 inri-

61 639 133 710 diae
156 636 266 735 atque
290 633 463 708 infamiae
488 641 699 727 contraxit,
745 640 886 736 quanto
922 642 1045 735 magis
1071 646 1129 715 sui

57 730 1021 931 {iip‘iiilliattilii,tilitgtdltii
1036 763 1127 908 ‘lii'

56 931 208 1000 neutum
233 925 353 1019 illum,
393 931 473 1028 qui‘
488 931 621 1026 postea
645 926 883 1005 Poliorcetes
914 929 1125 1027 appellatus

57 1033 115 1114 est,
146 1049 192 1096 ex
216 1027 418 1122 improviso
445 1050 527 1096 cum
554 1049 691 1120 magna
717 1023 838 1098 classe
864 1025 1059 1098 advectum
1087 1037 1124 1101 at

54 1125 124 1194 sine
148 1126 347 1194 certamine
372 1123 531 1194 Piraeeo
558 1125 729 1219 potitum,
754 1120 967 1194 libertatem
982 1126 1123 1198 civitati

51 1215 271 1315 pollicentem
297 1217 531 1316 cupidissime
557 1221 792 1316 receperunt,
818 1222 1020 1319 eiectisquc
1038 1223 1121 1293 illa·

51 1313 242 1395 cedouihus
279 1319 474 1390 restitutae
505 1314 693 1388 libertatis
717 1313 859 1413 gaudio
885 1316 1121 1392 exsultantes

50 1408 200 1484 honores
224 1415 261 1485 in
288 1415 520 1486 Demetrium
547 1417 699 1511 eiusque
724 1419 867 1510 patrem
894 1417 1119 1510 Antigonum

49 1509 162 1581 tantos
186 1517 335 1610 tamque
360 1509 578 1583 immodicos
604 1509 848 1598 cumularunt,
871 1517 914 1582 ut
930 1511 1039 1582 facile
1055 1539 1120 1610 ap·

48 1613 184 1701 pareret
213 1633 291 1680 uon
322 1605 445 1680 solum
505 1633 588 1678 uam
619 1611 768 1701 gratum
800 1605 853 1678 illi
885 1605 1023 1680 donum
1049 1607 1118 1682 sed

48 1705 146 1774 ctiam
178 1730 287 1805 quam
320 1708 418 1802 aptis
455 1633 502 1776 ad
536 1707 725 1776 servitium
759 1701 971 1776 hominibus
995 1702 1117 1778 dedis-

45 1797 187 1893 sent¹⁴).
237 1803 321 1876 Noa
346 1827 394 1874 ex
421 1800 477 1875 his
502 1827 599 1874 nuuc
626 1799 700 1873 duo
725 1803 868 1876 tautum
894 1826 1116 1876 commemo-

43 1893 215 1971 rabimus:
254 1924 363 1972 sacra
397 1901 445 1970 iis
482 1907 520 1972 et
556 1901 805 1970 caerimonias
842 1900 1018 1995 tanquam
1055 1899 1113 1972 dis

45 1991 289 2069 servatoribus
321 1995 510 2084 decretas,
553 2021 772 2094 arrrruosque
803 1997 1023 2068 sacerdotes
1054 1999 1111 2068 in-

44 2093 196 2186 stitutus,
229 2119 386 2192 quorum
413 2090 626 2168 nominihus
653 2097 758 2184 euni,
795 2099 837 2164 ut
862 2090 949 2167 olim
975 2089 1023 2164 ah
1049 2118 1110 2164 ar-

43 2186 250 2281 chontibus,
287 2190 603 2287 signarentur¹⁵)‚
641 2187 879 2288 tribuumque
916 2215 1109 2262 numerum

41 2289 187 2378 auctum,
212 2290 256 2360 ut
279 2312 400 2359 norae
427 2284 522 2360 duae
548 2285 785 2378 accederent,
810 2284 858 2358 ab
878 2283 1108 2359 illornmno-

40 2381 187 2458 niuibus
227 2383 459 2484 appellatae,
500 2387 703 2485 Antigonia
740 2391 778 2458 et
815 2385 1029 2458 Demetrias
1045 2385 1107 2480 ¹⁶).

37 2576 222 2596 *-

38 2695 73 2749 75.
105 2699 198 2754 Staah.
223 2701 269 2752 IX
291 2720 320 2772 p.
339 2699 402 2756 398.
435 2701 494 2756 Dio
512 2697 661 2771 chrysost
678 2718 720 2754 or.
736 2699 772 2756 87
789 2718 819 2771 p·
836 2698 889 2754 aas
907 2696 1009 2752 Reisk.
1026 2695 1094 2752 Pliu

34 2765 64 2820 Η.
81 2770 117 2823 N·
133 2773 323 2835 xxxma

96 2893 140 2960 13)
167 2898 213 2949 Dc
231 2899 333 2950 insana
349 2899 488 2951 Demetrii
505 2896 621 2949 luxuria
639 2899 668 2948 et
685 2893 806 2947 mollitie
823 2899 912 2946 testes
930 2898 998 2946 sunt
1016 2893 1103 2945 Duris

35 2968 58 3013 tt
79 2965 226 3037 Carystius
249 2969 324 3040 apud
347 2970 487 3023 Athenae.
522 2969 582 3021 XII
604 2987 631 3037 p.
655 2969 716 3036 542,
746 2969 795 3037 qui
813 2967 923 3018 etiamsi
941 2983 1000 3016 rem
1019 2965 1103 3017 nimis

33 3052 210 3104 exaggerasse
229 3043 370 3102 videntur,
393 3059 571 3113 nequaquam
592 3049 687 3093 tamen
705 3037 867 3090 refutantur
885 3035 1004 3088 aliorum
1022 3037 1102 3087 testi-

31 3112 138 3233 proniis,¹
163 3111 267 3236 qppiipus
286 3120 335 3164 aut
347 3115 476 3234 ¹eruditio
489 3115 548 3237 bpiri
559 3109 824 3235 unm-'mipd’ufflddg
843 3110 886 3234 app
899 3127 933 3232 ep
953 3107 1102 3230 orrpprppltple

43 3195 113 3232 erma
743 3217 751 3236 .
823 3220 829 3232 .
878 3199 905 3232 ιο
928 3199 971 3231 orr

34 3249 69 3301 n.
107 3193 495 3326 cziiaini.''pl¹.¹⁸1iiidf“0.
514 3195 555 3310 iia
570 3202 708 3321 diniegg.
722 3202 771 3318 pn,
790 3253 834 3306 aa
871 3254 921 3314 m,
942 3254 967 3304 a
1006 3247 1051 3302 cr.
1072 3214 1101 3302 ei

34 3320 153 3378 Grauert·
176 3348 203 3399 p.
228 3327 281 3381 319
308 3347 369 3399 sqq.
390 3355 422 3368 —
459 3331 592 3382 Ceterum
618 3326 889 3378 administrationem
908 3327 951 3376 rei
968 3321 1101 3393 publicae

32 3391 164 3449 Plutarch.
184 3401 310 3451 Demetr.
335 3419 360 3452 c.
387 3403 420 3454 10
443 3401 513 3470 λόγῳ
535 3399 586 3471 μὲν
602 3398 782 3468 ὀλιγαρχικήν,
808 3399 876 3468 ἔργῳ
894 3395 921 3448 δέ
939 3390 1101 3484 percepturi(

32 3462 103 3534 dicit3
133 3470 241 3522 Strabo
266 3477 374 3530 contra.
396 3471 425 3525 uri
441 3473 523 3544 μόνον
539 3471 568 3524 cd
585 3472 699 3523 κατέλυσε
719 3466 764 3534 τὴν
780 3468 954 3541 δημοκρατίαν
971 3468 1036 3520 alda
1052 3485 1100 3518 aar
1212 3487 1215 3492 ·

29 3535 202 3614 ἔπανώρθωσε,
231 3541 341 3594 scilicet
358 3542 477 3596 formam
496 3545 592 3614 potius
612 3551 756 3594 externam
776 3559 860 3610 quarn
879 3549 983 3590 statum
1002 3556 1097 3590 rerum

28 3607 141 3668 intuens.
176 3617 201 3666 Α
220 3615 364 3666 Pausania
382 3617 405 3679 Ι,
424 3618 467 3680 25,
486 3617 510 3667 5.
529 3622 668 3684 tyrannus
689 3615 850 3666 Demetrius
877 3611 994 3678 diciturr
1028 3611 1096 3663 item

29 3681 187 3736 &Phaedro
206 3684 264 3737 iah.
284 3687 323 3753 V,
344 3687 367 3752 1,
389 3687 429 3740 14.
467 3686 557 3740 Plura
576 3686 634 3738 vid.
653 3705 698 3757 ap.
718 3683 828 3740 Dohrn.
848 3703 876 3755 p.
895 3684 938 3736 22

89 3789 136 3857 lt)
155 3791 302 3844 Plutarch.
322 3795 448 3846 Demetr.
466 3812 490 3846 c·
511 3794 624 3847 10-13.

89 3892 358 3965 munem
601 3862 610 3875 ’

88 3998 136 4070 16)
155 4005 196 4056 ld.
215 4005 255 4058 ih.
274 4005 309 4058 ci.
329 4008 453 4062 Pausan.
472 4005 507 4075 11,
528 4009 568 4073 10,
591 4009 611 4060 l.
646 4009 828 4078 Praepositae
845 4006 898 4058 has
916 4005 986 4058 duas
998 4002 1095 4055 decem

26 4074 162 4126 veteribus
183 4095 258 4142 ease,
288 4078 317 4130 id
343 4079 419 4148 qnod
446 4083 500 4132 iarn
523 4079 673 4132 Dodwello
693 4078 728 4129 de
747 4079 818 4148 cycl.
837 4079 880 4130 ΙΙΙ
900 4098 921 4131 s.
940 4077 974 4130 39
993 4077 1094 4137 visum,

26 4149 116 4197 contra
141 4149 303 4202 Cominium
323 4151 400 4202 Faat.
419 4153 478 4203 Au.
496 4153 510 4203 1
528 4164 555 4214 p.
577 4153 626 4204 127
647 4159 675 4201 et
692 4150 743 4204 lii
763 4151 895 4220 probarit
914 4146 1039 4201 Boeclch.
1060 4143 1096 4196 ad

26 4216 104 4285 (iorp.
125 4219 211 4272 inser.
229 4222 242 4271 1
261 4241 287 4291 p.
311 4223 370 4274 ihi.
389 4247 425 4260 -
443 4225 576 4275 Ceterum
597 4225 681 4274 etiam
701 4224 830 4276 triremes
849 4241 953 4287 sacras,
967 4220 1093 4284 'Antigo-

26 4284 112 4338 uidem
132 4297 160 4341 ct
179 4293 398 4357 Demetriadem,
418 4293 589 4348 addiderunt
606 4293 781 4349 Salaminiae
801 4301 830 4348 et
847 4294 996 4349 Paraliaes
1021 4289 1092 4342 Vid-

24 4354 57 4407 id.
74 4358 108 4411 de
126 4379 187 4414 uec.
205 4382 228 4418 r.
242 4383 269 4436 p.
288 4367 324 4422 A.
343 4365 356 4416 1
374 4384 400 4436 p·
420 4365 481 4420 259·
