2822 5082
395 375 431 448 5.
456 376 517 450 Da
539 375 843 470 magistratibus.
1039 415 1041 418 ·
1086 375 1160 450 239

79 590 153 640 meu
177 563 215 634 iu
241 557 380 634 iudicio
395 561 428 650 9)
453 558 507 632 ita
531 553 814 653 instituebatur,
845 570 888 635 ut
920 561 1079 660 primum
1112 556 1160 634 de

77 658 229 760 singulis
254 662 504 762 quaereretur
528 680 579 730 ex
603 657 696 754 ipsis
722 659 785 755 qni
811 659 1071 756 magistratum
1096 681 1160 729 ca·

76 761 169 862 pluri
195 757 381 846 erant¹⁰):
409 757 472 852 qui
496 749 560 826 ubi
585 750 860 850 respoderant,
892 750 1158 856 probationes·

75 883 149 957 que,
163 857 196 926 si
204 879 300 951 opus
310 855 425 946 esset,
440 853 477 923 et
492 850 717 922 documenta
729 849 979 947 protulerant,
994 852 1158 932 interro·

100 951 258 1027 abantur
270 946 425 1040 iudices,
438 950 579 1020 satisne
593 951 686 1044 ipsis
705 951 830 1020 omnia
843 945 1008 1047 probata
1020 955 1158 1030 essent.

73 981 113 1127 {i
135 1053 335 1147 negarent,
361 1044 425 1119 illo
452 1047 766 1133 ἀποδοκιμασθῆναι
789 1043 999 1140 dicebatur,
1025 1072 1157 1120 succe-

71 1145 251 1246 debatque
275 1149 313 1216 in
340 1147 421 1217 eius
446 1141 569 1215 locum
594 1143 661 1214 aut
685 1139 919 1216 subsortitus
944 1143 1079 1244 aliquis
1094 1151 1160 1218 aut

71 1243 300 1342 subrogatus
314 1242 371 1334 ¹¹),
398 1235 536 1344 quibus
560 1241 686 1314 tamen
713 1237 872 1314 eandem
898 1242 937 1314 et
961 1245 1054 1341 ipsis
1069 1246 1157 1312 δοκι-

71 1351 192 1437 μασίαν
232 1337 467 1414 subeundam
502 1337 618 1412 luisse
652 1341 823 1437 apparet.
886 1337 967 1412 sen
1003 1341 1159 1438 poterat

70 1444 173 1513 etiam
200 1435 357 1540 quilibet
382 1439 473 1509 ciris
497 1438 535 1507 iu
561 1433 634 1508 boo
660 1437 832 1508 examine
858 1440 1156 1511 accusatos-exi-

70 1542 184 1628 stare,
219 1536 398 1610 illumne
441 1536 504 1634 qui
551 1529 841 1607 examinabatur
888 1559 1052 1634 arguero
1091 1541 1157 1608 aut

12 1637 13 1642 ’
69 1631 159 1708 lalsa
186 1559 430 1733 respoulisse
462 1631 529 1703 ant
565 1631 725 1730 propter
767 1627 930 1730 aliquam
968 1657 1155 1728 caussam,

69 1731 178 1806 veluti
191 1737 350 1830 propter
364 1727 500 1801 malum
516 1753 612 1828 erga
624 1753 702 1801 rem
716 1723 905 1826 publicam
922 1731 1155 1828 animumn),

69 1837 127 1902 aut
155 1825 477 1928 propterelcbita
511 1829 662 1899 aerario
687 1849 764 1896 nou
790 1824 987 1922 persoluta
1001 1829 1065 1921 ¹³),
1091 1839 1157 1902 aut

12 1965 14 2040 l
67 1934 232 2098 illiti
255 1927 552 2097 ‘tll⁰⁶‡0²ll.?
576 1922 1156 2097 lliil²l²l¹ttttt¹¹22lll

12 2147 14 2164 ¹
68 2052 160 2195 abun
195 2047 552 2212 ad'ministrbnlbm
592 2125 658 2190 aut
699 2045 859 2216 prtlpgter
893 2117 1052 2194 eundem
1081 2122 1156 2194 iam

13 2231 14 2314 l
68 2219 359 2292 administratum
373 2217 438 2310 ¹⁴),
480 2220 546 2290 aui
579 2213 740 2316 denique
777 2221 936 2314 propter
972 2215 1157 2292 maleficia

13 2327 14 2336 ’
67 2344 107 2390 ac
137 2315 284 2415 flagitia
299 2319 344 2407 ¹⁵)
380 2311 591 2388 bonoribus
616 2310 820 2388 arcendum
846 2339 944 2387 esse.
1000 2313 1061 2388 lta
1091 2341 1155 2390 res

65 2441 130 2513 per
154 2417 432 2488 accusationem
457 2418 505 2485 et'
520 2409 776 2484 defensionem
802 2407 936 2484 eodem
958 2410 1072 2486 modo
1098 2420 1154 2487 at-

69 2537 136 2612 quo
171 2511 304 2584 ordine
335 2535 409 2612 quo
435 2513 473 2583 iu
499 2508 591 2582 aliis
608 2512 754 2598 caussis
779 2506 1018 2584 iudicialibus
1041 2537 1154 2609 pera-

65 2606 371 2798 qquqthqqqtlui
395 2603 592 2706 reprobati
617 2634 641 2680 a
664 2604 851 2682 iudicibus
877 2613 1016 2702 essent,
1046 2614 1156 2698 ἄτιμοι

477 2906 510 2985 u.
535 2889 724 2966 XXXIX.

159 3027 346 3102 Rationes
372 3023 421 3102 ab
448 3023 633 3119 omnibus,
659 3027 880 3126 quicumque
911 3021 1071 3126 aliquam
1096 3025 1154 3098 roi

66 3202 261 3220 *unu-

133 3283 228 3352 9)11ο
254 3306 360 3342 novem
383 3284 569 3342 archontibus
593 3289 679 3341 etiam
705 3289 736 3341 in
760 3293 871 3342 senatu.
915 3289 987 3344 vid.
1006 3307 1069 3360 oap.
1088 3289 1107 3344 3
1124 3283 1152 3361 5.

67 3357 106 3427 28,
125 3361 170 3414 13.

135 3464 184 3535 10)
202 3467 268 3519 Hoc
280 3470 401 3541 ⁴proprie
420 3467 577 3542 ἀνακρίνειν,
596 3463 730 3542 ἀνάκρισις
748 3465 862 3522 dieitur.
891 3467 1039 3522 Demostb.
1049 3470 1079 3521 in
1090 3467 1150 3522 nu·

69 3531 125 3590 bul.
145 3551 172 3603 Ρ.
194 3539 271 3608 1319,
290 3542 334 3594 al.
364 3539 440 3594 Poll.
451 3540 536 3605 vlu,
555 3540 599 3592 85.

135 3644 180 3712 11)
200 3648 246 3700 De
264 3647 473 3702 subsortitione
490 3646 550 3700 vid.
567 3647 708 3718 Harpocr.
727 3647 758 3699 in
775 3645 914 3718 ἰιιι1αχών.

134 3751 180 3821 la)
198 3754 267 3825 Lyn.
284 3757 315 3808 in
333 3758 453 3824 Agorat.
471 3767 500 3820 Ρ.
520 3753 590 3808 451.

135 3858 182 3928 13)
201 3864 285 3915 Dem.
304 3861 419 3933 Leptin.
439 3875 467 3928 Ρ.
486 3862 540 3916 564
559 3859 586 3930 5.
606 3860 668 3916 135.
705 3859 750 3914 (li.
769 3879 846 3936 supr.
867 3880 890 3916 o.
909 3861 968 3930 15.
986 3862 1020 3915 21
1042 3867 1113 3915 extr.

136 3964 183 4036 14)
203 3970 284 4022 Item.
305 3972 335 4021 iu
355 3971 480 4026 'l'imoon
500 3983 528 4035 Ρ.
547 3969 609 4024 747.
645 3968 760 4041 Ineptias·
777 3983 806 4036 Ρ.
825 3972 879 4025 503
898 3970 925 4039 5.
935 3970 995 4024 131.
1014 3970 1148 4024 Prooem.

67 4032 205 4108 demogor.
224 4053 252 4105 Ρ.
272 4041 351 4110 1461,
370 4043 415 4096 ll.
450 4043 536 4096 Petit·
554 4041 643 4110 bcgg.
662 4044 722 4094 Att.
739 4055 767 4107 Ρ.
785 4041 839 4098 336
857 4061 900 4115 sq.

136 4143 179 4213 15)
201 4147 267 4200 lluo
283 4151 410 4220 pertinet
429 4167 453 4202 a.
473 4167 497 4202 o.
516 4150 541 4202 si
555 4151 619 4220 quis
632 4147 803 4219 decoxissct,
822 4154 871 4201 ant
882 4149 906 4201 si
917 4147 1069 4202 muliebria
1082 4168 1147 4221 pas·
1212 4145 1213 4148 '

64 4229 112 4266 uns
132 4226 212 4286 esset,
231 4229 281 4273 aut
299 4219 460 4274 scutum'in
478 4220 590 4293 proelio
609 4219 770 4275 abiecisset.
797 4219 933 4276 Aeschin.
953 4223 984 4274 in
1004 4221 1147 4276 Timarcb.

62 4293 91 4348 P·
108 4285 144 4340 44
158 4307 199 4362 sq.
218 4299 247 4344 et
263 4293 300 4347 54
317 4309 358 4365 sq.

134 4392 179 4466 16)
197 4395 325 4456 Platncr.
342 4400 430 4458 Proo.
449 4401 465 4456 1
482 4419 510 4472 Ρ.
528 4397 592 4456 318.
