2806 5080
263 383 335 456 150
435 384 509 459 IV.
533 392 569 462 2·
595 324 654 458 lu
683 383 920 458 Cretensium
944 405 989 455 ro
1008 378 1178 482 publico.

267 567 360 640 rleis
392 562 623 639 ordinarent.
673 565 752 664 lpsi
781 568 907 638 tamen
937 561 972 637 le
1004 592 1064 637 nm
1096 589 1245 638 errorum
1273 591 1339 638 non

270 661 430 762 aliquem
457 661 503 735 de
529 667 608 738 suis
634 671 699 735 aut
724 659 953 734 advenarum
973 591 1200 735 ductoribus
1225 667 1342 735 autoi-

270 763 426 832 vitatum
452 759 724 848 conditoribus,
749 756 815 832 sed
842 763 1017 858 antiquos
1039 761 1271 832 Cretensium
1292 787 1344 833 re-

271 882 344 953 ges
370 861 483 958 atque
509 859 658 948 heroes,
685 860 850 929 Minoem
877 861 916 930 et
929 855 1265 940 Rhadamanthum,
1288 883 1344 928 an·

273 960 399 1026 utores
413 951 665 1050 perhibebant
678 957 726 1048 ⁶):
753 957 816 1053 qui
833 952 1213 1055 quumindigenarum
1223 952 1346 1026 sabulis

272 1055 450 1148 tanquam
482 1078 608 1124 rerum
639 1049 872 1151 publicarum
908 1050 1109 1150 legumque
1146 1049 1347 1122 conditores

275 1143 577 1242 eelebrarentur‚
621 1147 827 1246 adoptasse
868 1147 936 1222 bae
974 1145 1123 1222 fabulas
1154 1149 1347 1220 Dorienses

274 1242 449 1316 videntur
466 1246 517 1338 ⁷),
549 1247 593 1318 ul
623 1249 702 1318 suis
736 1271 886 1346 qnoque
911 1242 1063 1344 legibus
1089 1249 1164 1317 tem
1191 1249 1348 1345 autiquae

277 1342 316 1415 el
340 1345 528 1440 augustae
554 1346 714 1443 originis
739 1341 980 1442 splendorem
1008 1340 1204 1421 adderent.

771 1519 805 1598 b.
832 1513 880 1584 ll.

375 1623 501 1698 Urbes
516 1625 651 1701 Cretae
669 1629 878 1725 permultae
893 1622 1045 1699 luerunt
1060 1627 1104 1722 ¹),
1130 1651 1236 1698 suum
1251 1650 1349 1725 quae·

280 1745 351 1818 que
383 1725 586 1820 separatim
616 1749 696 1796 rem
728 1719 917 1822 publicam
948 1722 1150 1816 babentes,
1189 1724 1286 1796 inter
1318 1747 1351 1794 se

281 1820 405 1890 autem
445 1816 664 1894 foederibus
705 1819 852 1921 quidem
891 1824 1005 1894 variis
1042 1822 1214 1914 iunctae,
1249 1843 1352 1918 neque

281 1916 407 1988 tamen
441 1923 505 1990 ant
535 1921 727 2016 perpetuis
758 1915 833 1990 illis
870 1922 934 1990 aut
963 1921 1175 1991 universam
1211 1915 1353 1988 insulan

282 2008 491 2111 complexis
505 2014 551 2111 ²).
611 2017 818 2088 Commune
852 2019 1014 2088 omnium
1050 2017 1246 2114 imperium
1284 2015 1354 2085 tan·

280 2108 473 2183 tummodo
499 2109 651 2185 heroice
678 2114 802 2186 aetate
827 2139 945 2211 penes
969 2137 1084 2209 reges
1110 2110 1229 2185 luisse
1252 2107 1354 2183 tradi·

280 2209 405 2302 tur3).
454 2207 582 2280 Nihilo
617 2212 739 2282 minus
769 2211 892 2282 temen
924 2213 1101 2282 universe
1139 2234 1266 2282 rernm
1321 2233 1354 2278 u·

279 2299 464 2377 bliearum
489 2303 611 2378 forma
634 2313 723 2404 post
747 2307 988 2379 Doriensium
1007 2304 1207 2379 adventum
1241 2233 1355 2378 earllenr

280 2397 361 2472 l'ere
394 2399 495 2501 apud
527 2415 666 2476 omnes*
690 2407 831 2476 extititr
871 2429 966 2504 quae
998 2429 1109 2504 quum
1142 2400 1244 2503 apud
1272 2400 1355 2474 alios

280 2495 341 2570 vel
367 2495 537 2573 diversae
563 2502 692 2600 stirpis
718 2497 931 2574 hominibus
956 2504 994 2574 in
1021 2504 1208 2574 civitatem
1234 2497 1355 2572 admis-
1389 2567 1390 2574 ,

282 2597 356 2686 sis,
387 2594 446 2668 vel
478 2600 630 2670 mutatis
662 2605 821 2697 propter
846 2596 1032 2671 diversam
1059 2597 1232 2671 locorum
1262 2599 1356 2668 natu-
1389 2597 1390 2664 3

280 2715 362 2764 ram
387 2700 608 2794 ceterasque
636 2697 781 2767 vivendi
806 2693 1048 2770 condiriones
1081 2722 1103 2767 a
1129 2696 1356 2769 Doriensiun

282 2786 453 2863 moribus
478 2791 673 2890 paullatim
700 2791 989 2896 degenerusset,
1016 2791 1224 2867 diutissime
1250 2819 1272 2865 a
1294 2791 1357 2889 ny-

354 2997 384 3066 6)
403 2998 472 3051 vie
491 2997 564 3054 loeo.
583 3021 628 3074 ep.
646 3003 756 3055 Meurs.
775 3022 803 3074 p.
823 3000 875 3054 127
893 3019 955 3125 sqq.
974 3002 1036 3056 165.
1054 3003 1118 3055 nse
1136 2997 1173 3052 ed
1191 2998 1268 3054 Plet.
1285 2997 1359 3064 begs·

280 3088 308 3140 p·
329 3069 416 3127 7⁰9.
447 3073 612 3127 Nenmann.
636 3094 663 3146 p.
686 3076 722 3128 41
747 3093 810 3146 sqq.
848 3073 929 3128 Ilaec
951 3110 957 3125 .
983 3075 1025 3141 ll,
1049 3073 1085 3127 45
1107 3090 1168 3144 sqq.
1194 3071 1360 3138 et193rqq·

284 3143 333 3210 qui
351 3149 437 3210 recte,
457 3151 489 3196 nt
506 3143 630 3214 videtur,
648 3148 778 3200 Minoem
805 3144 840 3198 ab
865 3148 976 3212 origine
995 3162 1055 3197 non
1079 3143 1115 3196 ed
1140 3145 1297 3196 Dorienses
1318 3136 1360 3190 sed

284 3211 321 3263 ed
338 3220 453 3267 veteres
469 3214 626 3270 Cretenses
645 3219 818 3290 pertinuisse
837 3220 948 3270 statuit.
985 3215 1054 3269 vid.
1074 3215 1174 3280 11,53.
1195 3215 1249 3282 ΙΙΙ,
1269 3211 1324 3266 147.

355 3321 383 3380 'll
401 3323 529 3374 Minoem
553 3330 582 3377 et
605 3321 860 3390 erademenllrnm
886 3333 970 3377 nelos
995 3324 1128 3378 lecerunt
1152 3328 1218 3394 poet
1246 3316 1359 3374 Teutoni

283 3389 437 3444 adventum
457 3393 665 3470 adoptatosque
684 3397 720 3448 ab
740 3395 825 3448 huius
843 3394 903 3448 tilio
923 3398 1049 3459 Asterie,
1068 3397 1117 3468 qui
1135 3394 1295 3464 Europam.
1312 3405 1360 3441 nu·

281 3469 354 3514 trem
383 3481 498 3531 eorum,
526 3469 557 3518 in
587 3470 799 3521 matrimonium
829 3467 951 3520 duxerit.
999 3466 1069 3520 vid.
1094 3465 1168 3519 loeo.
1194 3483 1241 3536 ep.
1265 3463 1359 3516 Mean·

283 3553 311 3606 p.
330 3535 391 3594 lar.

358 3637 387 3709 l)
408 3641 504 3695 Strelu
523 3643 551 3695 X
572 3663 598 3715 p.
617 3646 680 3700 476.
704 3646 766 3700 479.
798 3645 930 3700 Euststb.
951 3652 979 3699 et
997 3641 1098 3698 soboll.
1117 3643 1219 3696 Venn.
1238 3640 1275 3694 ed
1293 3635 1360 3692 llird.

281 3715 319 3784 ll,
338 3714 400 3784 649,
436 3717 546 3774 Mem.
562 3736 590 3790 p.
610 3717 736 3772 14-61,

352 3821 383 3891 a)
402 3822 473 3876 vu.
493 3820 559 3875 run.
577 3825 617 3880 ι’.
631 3824 686 3894 vr,
706 3826 733 3879 s.

352 3927 385 3996 d)
404 3929 490 4001 Apud
509 3931 665 3984 Homerum
685 3931 766 3984 iliad.
786 3931 823 3995 11,
842 3931 896 3985 650
913 3950 956 4003 sq.
987 3928 1161 3983 Idomeneus
1180 3929 1297 3998 eiusque
1313 3920 1360 3974 irr-

281 4002 332 4053 tris
351 4001 428 4054 filius
447 4003 594 4056 Meriones
613 4007 766 4056 universae
784 4002 897 4056 insulae
916 4002 999 4074 simpl
1019 4004 1169 4070 imperent,
1187 3997 1240 4051 sed
1255 4008 1360 4065 regnan

281 4078 378 4123 temen
396 4078 512 4144 proprie
531 4073 681 4127 Idomenei
700 4083 810 4127 tantum
830 4075 894 4128 luit.
925 4071 1004 4126 ¹Post
1020 4071 1075 4125 lros
1094 4069 1169 4124 nulli
1192 4087 1275 4137 reges
1297 4081 1361 4118 eon·

281 4154 483 4212 memorentur,
502 4148 558 4198 nisi
578 4146 894 4216 quodHerodot.1V,
919 4146 971 4200 154
996 4147 1064 4198 otro.
1084 4161 1153 4196 nnn.
1172 4143 1226 4197 620
1248 4139 1303 4193 Axi
1324 4151 1360 4185 re·

285 4233 348 4284 8⁰¹⁰
367 4215 541 4274 Eteerehum
561 4221 705 4288 nominet,
729 4221 777 4290 qui
798 4224 893 4270 utrum
911 4216 1095 4286 tyrannidem
1120 4233 1158 4267 ιιι
1181 4229 1299 4281 regnum
1320 4205 1355 4257 le·

281 4289 413 4358 3111111111
438 4296 468 4344 11
492 4308 510 4343 ⁸
528 4291 688 4356 melvtlbm
712 4297 861 4362 occeptum
885 4287 1021 4346 hebuerit
1045 4287 1170 4345 disoerni
1188 4303 1247 4341 non
1269 4281 1361 4356 potest.
