2838 5080
201 385 203 392 '
282 366 322 392 ‘⁴
342 384 397 458 o.
421 381 482 459 ne
496 345 662 480 foenere
686 378 883 458 Acrae...
913 417 917 448 .
1082 345 1154 456 ln

297 625 332 700 9.
363 621 433 695 De
463 567 664 696 foedere
693 613 916 692 Achaico.
1023 709 1027 718 ⁸

487 799 520 880 ς.
544 783 728 862 XXXVI.

167 920 406 996 Achaeorum
432 911 632 994 duodecim
657 915 830 992 civitates
846 918 877 1012 ¹)
902 915 991 993 inde
1014 918 1063 994 ab
1089 947 1156 998 an·

69 1021 290 1120 tiquissimis
315 1013 549 1116 temporibus
576 1039 698 1133 aequo
723 1016 823 1090 inter
847 1041 889 1090 se
906 1013 1157 1092 foedereiun·

68 1120 150 1190 ctae
165 1117 211 1215 ²),
237 1113 433 1218 formaque
458 1107 714 1213 reipublicae
739 1110 870 1186 eadem
897 1139 1027 1194 omnes
1049 1141 1157 1211 usae,

67 1217 168 1288 inter
199 1211 323 1312 plebis
359 1213 588 1310 potestatem
621 1209 920 1308 optimorumque
952 1215 1157 1287 auctorita·
1197 1292 1201 1306 ¹

66 1313 142 1386 tem
182 1309 392 1409 prudenter
426 1306 638 1407 temperata
649 1307 702 1400 ³),
744 1331 815 1404 per·
851 1305 969 1381 multa
1004 1307 1157 1386 saecula

69 1413 220 1508 quietae
243 1408 481 1506 pacataeque
514 1411 552 1478 et
584 1399 746 1477 aliorum
772 1397 1039 1480 certaminibus
1062 1434 1159 1482 nun·

69 1529 179 1605 qnam
215 1507 281 1577 aut
313 1529 404 1578 raro
438 1504 649 1593 immixtae,
684 1501 717 1574 si
746 1523 824 1574 non
856 1527 940 1575 cum
969 1499 1097 1602 gloria
1121 1505 1161 1580 et
1194 1559 1195 1564 ,

69 1597 287 1700 splendore,
313 1614 352 1676 at
376 1623 563 1698 prospere
588 1604 714 1671 tamen
745 1621 791 1738 pc
822 1623 955 1674 secure
985 1599 1161 1720 viguerant

67 1693 544 1896 ddludelldudda‘tddiddhlhh
563 1695 1163 1869 hetadtlhhrhrdltisTrhddisfflhldh'odd:n

72 1919 136 1966 sus
163 1895 204 1966 et
228 1889 485 1992 perturbatus,
511 1891 566 1962 ita
591 1891 702 1964 etiam
724 1887 960 1963 Achaeorum
986 1893 1163 1967 vetustis·

72 1993 163 2062 sima
195 1990 415 2061 'coniunctio
453 1984 644 2158 dilssolnta
669 1986 751 2153 estz
785 1988 1031 2156 civitptesque
1066 1987 1162 2064 aliae

71 2083 1163 2278 httttrthrtztitr32⁵.ttf“itit’.istrhillt

73 2278 155 2353 dum
170 2277 426 2354 Macedoniae
441 2280 541 2378 uires
567 2276 783 2366 domesticis
809 2279 1076 2377 certaminibus
1089 2279 1164 2354 dis·

73 2377 260 2468 tinentur,
295 2374 741 2478 quattuorAchaeorum
765 2370 893 2466 urbes,
918 2378 1058 2472 Dyme,
1090 2380 1164 2450 Pa·

72 2475 172 2570 trae,
218 2475 398 2564 Tritum,
435 2471 605 2566 Pharao,
641 2471 845 2545 occasione
869 2457 1077 2570 prudenter
1101 2501 1163 2547 ar-

71 2575 189 2672 repta,
220 2569 356 2644 foedus
379 2569 479 2643 inter
504 2595 545 2644 sa
560 2575 801 2660 renovarunt,
828 2573 887 2641 cui
901 2575 1166 2672 quinquepost

73 2673 176 2744 annis
213 2670 327 2742 ctiam
351 2669 581 2762 Aegienses,
612 2665 734 2738 eiecto
768 2665 1020 2742 Macedonum
1079 2695 1164 2744 rae·

76 2765 183 2860 sidio,
209 2767 328 2857 Burii,
355 2760 517 2860 expulso
547 2765 732 2856 tyranno,
767 2761 1019 2859 Gerynenses,
1047 2697 1163 2864 depo·

77 2865 147 2936 sita
171 2861 220 2956 ab
247 2863 336 2934 lsea
359 2855 570 2960 tyrannide,
595 2861 757 2954 itemque
782 2860 932 2931 ceterae
959 2885 1055 3004 qsuae
1074 2865 1165 2940 tune

79 2969 183 3033 erant
207 2964 248 3034 in
272 2955 415 3032 Achaia
441 2957 613 3030 civitates
637 2979 680 3030 sc
705 2950 961 3030 adiunxerant
986 2961 1020 3054 J.

80 3101 277 3116 ..hh—a·-

151 3162 184 3236 1)
204 3166 315 3220 Herum
337 3167 456 3219 nomina
477 3163 554 3253 apud
579 3161 720 3218 Herodot·
737 3164 767 3230 1,
796 3163 851 3218 145
879 3165 1016 3236 leguntur
1044 3153 1166 3225 haeccer

80 3239 198 3304 Πελλήνη,
217 3240 335 3312 Αἴγειρα,
354 3239 443 3309 Αἰγαί,
462 3245 558 3310 Enopa,
574 3236 668 3302 uum,
679 3236 792 3306 ‘Atreum
807 3234 908 3302 Ῥύπες,
918 3243 1040 3312 Πατρέες,
1058 3245 1168 3314 Φαρέες,

76 3302 186 3372 Ὤλενος,
203 3311 285 3380 Δύμη,
304 3313 438 3382 Τριταιέες.
474 3309 585 3362 Eadem
598 3305 710 3361 *Strabo
729 3307 818 3360 hebet
834 3309 916 3379 vm,
936 3311 1083 3382 apest.
1102 3314 1167 3380 386,

83 3387 110 3431 et
131 3399 217 3434 unam
242 3399 384 3452 quemque
408 3379 510 3433 harum
536 3382 682 3433 civitatum
706 3383 816 3450 septem
831 3380 890 3433 .vel
914 3387 980 3435 octo
1003 3401 1094 3454 peges
1111 3384 1167 3438 'ha-

61 3481 63 3485 ν
82 3449 176 3506 huisso
194 3452 283 3506 addit.
320 3455 366 3507 lle
384 3451 491 3523 Polyb.
509 3453 547 3522 11,
565 3452 609 3516 41,
628 3451 647 3508 8
665 3449 888 3508 vicinarent.
906 3453 933 3513 6.

152 3556 185 3629 2)
205 3557 310 3630 Polyb.
329 3559 366 3627 ll,
385 3558 430 3623 41,
448 3558 475 3616 5.
494 3558 521 3613 8.

152 3662 185 3734 3)
206 3661 249 3719 ld.
269 3666 308 3734 11,
325 3665 370 3732 38,
388 3664 413 3718 6.
450 3664 549 3720 Streh.
571 3664 591 3720 l.
613 3664 635 3720 l.
658 3686 687 3740 p.
706 3665 770 3722 384.
807 3635 942 3742 Xenoph.
963 3667 1081 3724 Hellen.
1098 3670 1169 3740 vn,
1199 3622 1201 3626 ⁴

85 3731 110 3803 l,
128 3736 172 3790 43.
191 3739 235 3792 44.
252 3737 298 3791 45.
334 3735 411 3790 Add.
430 3737 526 3807 Heyn.
546 3749 662 3809 opuscc.
680 3739 710 3793 11
726 3759 757 3812 p.
775 3739 828 3795 181
846 3759 889 3812 sq.

155 3839 254 3912 4)11ο
278 3848 355 3898 omni
378 3843 561 3898 Achaeorum
592 3843 714 3900 historio
738 3845 798 3900 vid.
824 3847 943 3920 imprim.
966 3844 1002 3901 Ε.
1023 3841 1170 3920 Helvios,

87 3909 258 3968 Geschichte
277 3915 327 3968 des
341 3914 540 3970 Achaeisohen
554 3917 687 3971 nuncu.
714 3918 860 3984 Iremgow.
879 3918 957 3973 1829.
976 3918 1002 3974 8.
1036 3923 1074 3974 A.
1092 3925 1168 3978 Met·

86 3979 162 4036 thiae
187 3987 216 4037 in
244 3985 345 4040 Erech.
366 3995 394 4040 et
418 3988 509 4044 Grub.
528 3988 687 4061 Enoyclop.
704 4007 727 4044 s.
745 4007 775 4042 v.
794 3987 988 4044 Achaeisoher
1005 3991 1106 4062 Bund,
1137 4001 1169 4052 et

86 4053 116 4104 iu
135 4057 196 4108 eius
216 4076 329 4129 opuscc.
348 4057 543 4126 (Vermiaohte
561 4058 715 4126 Schriften,
732 4057 782 4118 let.
799 4079 828 4114 u.
848 4060 978 4114 deutsch.
996 4061 1168 4136 Altenburg.

88 4123 165 4190 1833.
185 4125 217 4194 8)
237 4149 264 4200 p·
282 4130 445 4186 rae-258.
482 4132 515 4184 0.
533 4131 567 4184 F.
585 4131 746 4200 merleber,
771 4131 807 4184 do
828 4131 960 4186 Achaicis
983 4133 1070 4188 rebus
1095 4141 1168 4192 anti.

90 4198 237 4324 pppsplnpis.
272 4203 438 4271 Regimont.
455 4201 535 4280 1831.
553 4201 572 4258 8
590 4208 621 4256 et
637 4201 828 4259 Achaicorum
845 4205 913 4258 libri
930 4212 989 4260 tres
1005 4205 1169 4264 Dermstad.

157 4372 188 4441 Β)
201 4375 299 4456 βακέ
320 4384 390 4435 tant
412 4380 561 4439 undecim:
590 4383 711 4455 primum
732 4387 843 4454 septem
864 4381 948 4460 illae,
972 4402 1090 4456 querum
1114 4405 1167 4443 no-
