2838 5080
345 415 379 487 6.
404 415 464 490 De
487 413 574 488 iure
599 382 851 490 catantiarum.
1074 418 1147 492 419

67 596 138 670 suis
161 597 233 692 ipsl
259 591 396 694 opibus
421 621 467 668 ac
490 591 736 667 facultatibus
760 617 836 670 non
863 599 956 672 satie
981 623 1021 674 se
1044 597 1145 676 tueri

65 695 220 790 possunt
250 700 521 790 parentumque
554 689 734 770 subsidiis
766 696 1041 789 sustentantur,
1076 698 1144 772 aba

65 793 228 888 sequium
263 789 318 862 his
355 795 473 861 maius
503 797 701 886 praestare
741 815 944 890 eorumque
975 791 1143 892 imperiis

63 891 143 983 regi
174 888 467 978 consentaneum
509 892 587 975 est,
625 889 679 956 ita
722 884 895 960 coloniae
929 914 1079 1058 (puoque
1104 895 1143 966 iu

63 982 166 1055 simili
192 983 412 1056 condicione
438 982 607 1054 similiter
633 988 741 1054 erant
765 990 965 1083 metropoi
991 1013 1081 1062 suae
1106 992 1146 1062 in

60 1079 224 1176 plurimis
257 1078 370 1152 rebus
402 1079 610 1170 obnoxiam
648 1083 782 1151 contra
817 1078 889 1153 ubi
914 1087 1006 1158 salis
1036 1089 1145 1184 ipsae

60 1175 253 1274 pollebant
289 1180 440 1274 suisque
472 1175 615 1248 viribus
647 1179 751 1248 tutae
783 1185 941 1251 matrum
974 1180 1143 1254 subsidio

61 1300 134 1344 uun
160 1271 341 1369 egebant,
372 1272 498 1346 itidem
530 1278 572 1344 ut
596 1268 706 1346 liberi
732 1277 790 1345 sui
815 1279 907 1346 iuris
933 1275 1042 1362 sacti,
1076 1305 1142 1350 na·
1200 1327 1201 1331 =

58 1369 167 1442 turali
195 1369 450 1444 tautummodo
478 1373 629 1467 pietatis
645 1367 771 1441 allicio
789 1375 967 1448 maiorem
982 1379 1143 1472 patriam

59 1468 181 1540 colere
207 1472 319 1567 atque
346 1465 565 1556 observare,
591 1468 757 1538 ceterum
782 1493 874 1542 suae
907 1473 1142 1566 potissimum

58 1563 209 1636 utilitati
235 1570 400 1662 serisque,
416 1563 620 1658 commodis
646 1566 828 1636 inservire
855 1591 1015 1665 aequum
1047 1569 1142 1641 iudi·¹

58 1659 205 1734 cabant.
255 1664 427 1734 Amicitia
460 1666 576 1758 igitur
608 1665 646 1732 et
677 1663 841 1732 societas
875 1663 1033 1736 coloniis
1060 1692 1142 1738 cum

56 1757 267 1855 metropoli,
294 1785 367 1830 nun
384 1757 556 1830 clientela
580 1764 645 1828 arrt
661 1760 851 1830 servitium
867 1757 1071 1834 convenire
1087 1767 1142 1834 vi·

55 1853 260 1946 debatur³)
295 1883 305 1948 3
333 1853 471 1928 bellum
505 1859 669 1951 utrisque
695 1857 794 1926 iuter
824 1883 879 1948 se,
906 1860 978 1928 uisi
1004 1849 1143 1955 insigni

55 1951 180 2051 aliqua
205 1957 341 2024 iuimia
366 1957 432 2022 aut
459 1955 682 2024 necessitate
710 1955 865 2043 coactis,
891 1957 1067 2026 iniustum
1085 1965 1141 2027 at·

54 2047 368 2148 queiudecnrum
384 2047 437 2142 l),
465 2051 748 2121 coutroversiae
773 2051 855 2121 inre
882 2053 1142 2149 potiusquam
1172 2063 1173 2070 ’

53 2150 167 2223 arenis
209 2145 535 2237 decernendue⁵);
580 2144 778 2236 arixilium,
821 2149 853 2218 si
887 2146 969 2220 lieri
999 2152 1141 2244 posset,

49 2241 267 2340 petentibus
301 2246 459 2316 invicem
495 2241 754 2339 sererrdum⁶);
776 2239 944 2342 ‚denique
977 2241 1143 2317 honores

51 2337 202 2439 quidam
227 2345 264 2411 in
291 2344 410 2412 sacris
435 2335 671 2438 publicisque
704 2341 950 2414 conventibus
983 2366 1007 2413 u
1034 2333 1142 2415 'eolo‘

49 2441 126 2508 uiis
151 2436 352 2536 metropoli
377 2459 425 2512 ex
450 2461 555 2517 more
583 2433 772 2510 tribuendi
785 2436 832 2533 ⁷).

455 2645 501 2728 §.'
519 2637 686 2713 xxnv.

155 2809 200 2880 ln
227 2804 456 2880 deducendis
482 2803 663 2899 coloniis,
699 2829 794 2904 quae
826 2780 974 2904 lpuidem
999 2807 1071 2882 rite
1098 2827 1142 2885 ac

48 3009 133 3088 quod
153 3029 215 3066 eum
236 3015 369 3084 Opuntiis
390 3013 549 3066 uutOzolis
567 3012 673 3065 factum
688 3013 826 3084 'I'lmeaus
846 3012 1046 3077 contendebat,
1067 3007 1143 3084 apud

43 3087 156 3156 Polyb.
177 3087 243 3151 ΧΙΙ,
265 3087 308 3154 10,
326 3089 352 3148 3,
371 3089 506 3154 seriptum
526 3086 590 3152 fuit,
610 3084 645 3141 ais
660 3085 762 3155 γονεῦσι
777 3081 841 3158 πρὸς
856 3091 940 3137 τέκνα.
954 3111 985 3121 -
1006 3085 1050 3137 cf.
1067 3087 1142 3136 etat.-

42 3159 140 3225 Legg.
161 3159 215 3223 vl,
234 3159 251 3209 3
269 3176 297 3227 p.
318 3159 378 3210 754.
418 3160 541 3226 Dionys.
560 3161 596 3210 A.
617 3160 655 3209 u.
675 3157 726 3223 lll,
747 3158 772 3210 7.
809 3153 913 3208 'valea
939 3155 974 3206 ad
999 3156 1093 3226 Polyb
1123 3157 1142 3208 l.-

45 3231 68 3282 l.
95 3230 275 3296 Wesseling·
296 3223 488 3280 ad'llerodot.
508 3230 560 3290 llI,
582 3229 623 3280 19.
644 3225 823 3295 llegewiseh.
841 3247 867 3298 p.
889 3229 938 3279 155
951 3247 1009 3298 sqq.
1029 3230 1144 3280 Salute·
1190 3228 1193 3236 '

45 3303 152 3362 croix,
173 3302 207 3351 de
228 3301 307 3352 l'e'tat
326 3308 354 3352 ct
373 3301 411 3352 du
430 3307 491 3351 sart
510 3301 560 3352 des
579 3299 708 3351 colonies
727 3299 777 3350 des
797 3303 913 3352 enciens
933 3298 1049 3369 peuplcs
1063 3297 1146 3364 (Pht-

43 3371 180 3442 ladelplr.
200 3372 278 3424 1719.
297 3367 337 3436 8.)
357 3391 383 3442 p.
405 3373 454 3424 110
473 3391 533 3442 sqq.
571 3373 731 3428 Drumann.
749 3391 776 3443 p.
796 3373 858 3424 507.
894 3373 995 3441 Poppo
1013 3371 1143 3442 prolegga

45 3445 88 3496 ad
110 3443 244 3513 'l'lruryd
263 3443 320 3494 vul.
341 3445 357 3494 2
376 3462 403 3513 p.
423 3443 458 3494 20
477 3461 519 3514 sq.

124 3546 158 3617 3)
180 3548 426 3618 Thucyd.1,3l.·
451 3549 481 3604 οὐ
503 3544 556 3624 ydp
581 3545 623 3603 ert
644 3547 680 3620 τῷ
703 3546 788 3604 daile·
812 3547 866 3602 ἀλλ’
887 3545 933 3603 ert
947 3543 983 3620 cpi
999 3547 1083 3620 ὅμοιοι
1098 3554 1149 3606 mil·

40 3625 210 3690 λειπομένοις
225 3621 293 3674 εἶναι
310 3622 487 3692 ἐκπέμπονται.

125 3729 155 3792 n
176 3729 245 3780 vra·
265 3727 405 3780 nemea.
426 3728 493 3793 vu,
514 3727 572 3780 rae.
591 3711 676 3795 viu,
695 3729 738 3780 aa
769 3725 903 3798 paroye.
922 3726 945 3793 1,
964 3722 1008 3782 aa.
1045 3727 1147 3779 rusum

38 3801 155 3866 11,12.
196 3797 648 3866 cf.tamen1³1ae01„egg.l.l.
687 3798 823 3870 Thucyd.
841 3801 864 3862 1,
883 3799 929 3852 34.

124 3907 157 3966 5)
177 3903 309 3975 Thucyd.
327 3905 350 3972 1,
369 3904 415 3960 28.

123 4010 157 4078 a)
177 4011 219 4066 m.
238 4014 261 4080 1,
280 4015 324 4066 m.
342 4013 386 4065 aa.
405 4011 444 4081 V,
465 4011 526 4066 rae.

124 4117 156 4182 7)
177 4117 219 4170 Id.
238 4115 262 4186 Ῑ,
282 4121 324 4186 25,
350 4125 416 4192 γέρα
436 4117 467 4172 τὰ
485 4117 650 4189 νομιζόμενα.
681 4137 703 4173 a
721 4117 773 4180 38,
796 4111 828 4186 cd
852 4110 934 4170 εἶκὸτα
957 4105 1148 4185 θαυμάζεσθαι.

39 4189 143 4254 Quod
165 4191 233 4241 ibid.
253 4191 367 4243 additur
387 4193 422 4242 de
440 4192 574 4263 ἡγεμονίᾳ,
593 4187 715 4262 q'uocum
736 4189 773 4240 el'.
787 4189 993 4241 Thebanorum
1014 4189 1152 4239 adversus

38 4263 253 4325 l'latueenses,
272 4268 305 4314 ut
324 4263 444 4316 colones
463 4281 544 4324 suos,
571 4265 811 4327 criminationem,
830 4262 874 4326 V,
897 4260 947 4313 96:
972 4265 1088 4330 apparet
1106 4274 1153 4310 su·

37 4337 191 4386 cictatcm
211 4351 274 4385 eum
295 4337 405 4389 maiore
426 4339 519 4406 patrie
543 4335 696 4386 detrectari
721 4351 737 4384 a
761 4331 883 4384 coloniis
906 4332 1153 4404 principatumque

39 4408 115 4459 eius
138 4408 273 4459 recusari
291 4408 428 4461 iniustum
447 4406 549 4460 saltem
569 4416 599 4460 et
617 4403 808 4474 vituperabile
825 4404 982 4456 iudicatum
1002 4419 1076 4460 ease.

863 4508 1127 4582 av«
