2814 5080
256 317 330 448 ele
456 367 496 444 ν.
519 367 579 442 ne
601 389 646 441 re
663 365 821 470 actea
844 365 1140 444 nemmem.

256 577 303 628 ea
335 533 462 626 terrae
493 537 603 650 parte
637 572 736 650 quae
766 575 790 624 a
822 547 991 624 Tborico
1016 575 1139 651 nsque
1165 549 1212 624 ad
1238 556 1336 627 Ana·

253 647 445 748 pblystum
486 643 699 746 pertinebat
710 650 755 738 9).
802 647 907 721 llaec
939 673 962 721 a
995 649 1153 747 privatis
1184 676 1337 748 posses·

254 742 407 820 sorlbus
432 739 729 839 exercebantur3
755 740 957 818 dominium
982 753 1066 820 erat
1076 749 1132 818 rei
1150 745 1337 844 publicae,

254 846 316 917 cui
340 840 388 916 ab
414 841 488 916 illis
514 847 552 915 ct
577 839 704 933 semel,
731 867 844 942 quum
870 845 1037 916 emerent
1060 848 1336 937 possessiones,

251 941 415 1039 pretium
440 963 580 1031 earnm,
608 941 646 1013 et
671 936 849 1036 deinceps
869 964 1032 1012 annuum
1048 938 1213 1038 vectigal
1226 967 1336 1042 qnar-

252 1045 315 1110 tae
346 1044 383 1110 et
408 1039 607 1110 vicesimae
633 1032 872 1128 solvebatur,
904 1034 1005 1136 quod
1030 1040 1154 1110 tamen
1179 1063 1245 1112 res
1295 1066 1335 1112 n-

253 1129 350 1207 blica
375 1160 453 1207 non
476 1136 488 1206 i
517 1159 560 1206 sa
584 1129 803 1230 recipiebat,
828 1129 897 1206 sed
913 1131 1125 1232 publicanis
1137 1066 1336 1210 fruendum

253 1228 441 1307 elucebat.
529 1227 666 1304 adiisse
692 1231 813 1302 exiis
839 1229 1105 1306 Themistoclis
1130 1240 1258 1306 aetate
1271 1236 1335 1306 tri·

250 1330 361 1428 ginta
386 1326 467 1402 iere
480 1331 546 1400 aut
562 1323 814 1426 quadraginta
827 1325 971 1400 talenta
986 1325 1176 1402 videntur:
1203 1355 1335 1430 qnam-

253 1450 364 1526 quam
390 1422 589 1498 admodum
614 1426 740 1496 varius
765 1422 834 1496 snit
860 1426 920 1497 bic
944 1426 1163 1523 proventus,
1191 1435 1228 1500 et
1244 1452 1334 1527 pro-

252 1520 413 1596 cedente
446 1529 616 1620 tempore
640 1517 835 1618 paullatim
860 1524 1086 1597 imminutus.
1134 1523 1194 1595 Ea
1218 1551 1333 1621 pecn-

249 1623 315 1693 nia
357 1643 470 1718 quum
505 1618 593 1692 olim
630 1613 775 1690 civibus
806 1620 943 1692 viritim
976 1615 1149 1692 distribui
1180 1619 1334 1716 soleret,

250 1713 530 1791 Themistocles
555 1712 678 1814 legem
700 1711 858 1813 pertulit
881 1721 925 1790 ut
948 1713 1106 1792 navibus
1131 1715 1333 1794 aedifican-

250 1813 310 1890 dis
333 1810 614 1913 impenderetur
629 1812 692 1909 ¹⁰).

682 2029 714 2109 §.
737 2017 897 2094 LXXV.

342 2199 404 2278 Ad
428 2200 586 2278 alterum
609 2227 733 2302 genus
757 2201 946 2303 pertinent
970 2227 1182 2298 servornm,
1212 2206 1331 2306 inqui·

243 2301 406 2378 liuorum
432 2325 636 2402 eorumque
661 2304 961 2401 peregrinorum,
994 2304 1057 2401 qui
1081 2305 1198 2376 artem
1215 2328 1327 2403 qnae·

246 2407 392 2474 stnmve
424 2394 678 2471 tabernarium
710 2398 898 2491 facerent,
939 2394 1080 2470 tributa
1104 2407 1142 2472 et
1165 2403 1328 2497 vectiga-

243 2495 308 2570 lia.
358 2495 409 2567 Et
433 2519 629 2568 servorum
653 2495 799 2664 puidam
825 2495 912 2567 trini
927 2497 964 2567 in
980 2499 1104 2593 capita
1118 2493 1221 2569 oboli
1235 2523 1326 2597 quo·

244 2595 369 2668 tannis
401 2595 586 2665 numerati
617 2596 652 2665 vi
680 2596 788 2666 entur
802 2592 851 2684 1);
897 2616 947 2666 ex
977 2591 1169 2692 inquilinis
1199 2602 1325 2692 patres

243 2689 405 2764 familias
430 2687 638 2782 duodenas,
662 2688 797 2764 viduae
821 2713 942 2762 senas·
959 2685 1167 2782 drachmas,
1193 2694 1255 2790 qui
1280 2716 1325 2764 ue
1399 2696 1403 2709 '

244 2784 443 2861 libertinae
468 2786 699 2860 condicionis
725 2794 833 2860 erant
861 2788 981 2859 trinos
1012 2789 1167 2885 insuper
1192 2717 1325 2861 obolos

186 2931 193 2944 ·
242 2879 461 2984 pendebant
473 2883 518 2980 ²).
567 2885 772 2984 Utriusque
785 2880 915 2956 tributi
927 2908 1050 2956 annua
1064 2909 1206 2956 summa
1221 2889 1322 2987 quin·

243 2985 427 3084 quaginta
452 2978 610 3079 amplius
635 2979 787 3055 talentis
812 2982 1001 3054 aestimari
1024 2983 1153 3078 potest
1165 2983 1209 3074 3).
1252 2983 1321 3056 Ve-

244 3077 398 3178 ctigalia
422 3082 557 3152 artium
582 3080 622 3152 et
644 3085 879 3152 mercaturae
905 3102 1001 3177 quae
1027 3080 1066 3151 et
1117 3078 1320 3153 nantasne-

242 3179 320 3249 rint
344 3178 550 3249 nescimus:
586 3179 687 3249 cives
718 3199 848 3250 eorum
878 3177 1060 3248 immunes
1089 3101 1208 3249 luisse
1239 3202 1320 3248 con·

241 3271 381 3366 stat⁴):
425 3271 599 3349 Ceterum
624 3271 717 3348 baec
743 3275 867 3347 omnia
890 3267 1100 3370 publicanis
1126 3270 1317 3347 clocabau-
1403 3281 1406 3380 i

244 3483 444 3504 *-

310 3584 340 3654 9)
363 3587 408 3640 De
430 3584 475 3638 bis
494 3588 589 3640 omnia
608 3585 740 3640 exhausit
757 3583 924 3640 Boeclrbine
941 3586 973 3640 in
991 3584 1193 3642 dissertatione
1211 3586 1246 3642 de
1261 3605 1314 3642 me

242 3658 321 3715 tallia
339 3659 519 3724 Lauriotieis,
538 3659 648 3713 comm.
666 3657 757 3713 Aced.
775 3658 902 3712 Berolin.
922 3675 988 3712 ann.
1008 3658 1089 3714 1815.

311 3763 362 3837 1⁰)
382 3763 522 3820 Herodot.
536 3765 604 3831 Vll,
623 3765 685 3821 144.
719 3763 864 3820 Plutarch.
884 3763 1024 3820 'l'bemist
1042 3785 1066 3820 c.
1085 3765 1112 3820 4.

284 3869 402 4000 41ὲὸἳῦ
417 3873 483 3931 τέλος
497 3873 547 3928 τῶν
563 3871 738 3949 ἀνδραπόδων
754 3877 992 3927 commemoretur
1005 3890 1024 3926 a
1035 3868 1168 3943 Xenopb.
1180 3868 1216 3924 de
1225 3868 1308 3924 reditt.

241 3964 266 4000 ο.
303 3983 312 4015 ,
367 3981 374 3998 .

309 4050 343 4122 b)
362 4049 491 4106 Bceckb·
507 4071 536 4125 p.
554 4051 609 4110 353
625 4069 668 4124 eq.

134 4203 136 4210 ,
308 4156 340 4226 3)
359 4157 401 4211 Id.
418 4178 445 4229 p.
463 4157 517 4212 355
532 4175 577 4231 sq.
587 4155 793 4232 inquilinorum
806 4156 1008 4228 nitatem,
1025 4149 1305 4210 servorumxxxlll

240 4228 356 4284 talentis
374 4231 512 4284 aestimat.

308 4333 340 4405 4)
358 4335 400 4393 Id.
417 4354 445 4408 p,
462 4335 526 4392 3⁵6·
542 4335 605 4394 35⁷.
