2840 5084
251 375 276 441 t
667 359 924 436 Proocmrirm.

250 544 325 622 bus
364 539 413 617 ab
452 539 635 615 historico
668 536 861 614 tradendis
891 539 1076 640 plurimae
1109 546 1203 636 sint,
1239 569 1330 644 qnae

251 637 1331 838 ttttltttttlltlttltltg'ltlffiilliti:

249 836 324 914 bns
342 833 479 909 multae
499 860 595 934 quae
613 831 705 906 nibil
724 829 851 906 iacere
869 790 1069 907 vidbantrrr
1082 833 1128 907 ad
1143 835 1332 908 historiam

250 960 377 1010 rernm
407 937 601 1030 gestarum
634 927 766 1003 melius
795 928 1092 1027 intelligendam.
1150 933 1255 1004 lianc
1285 929 1331 1003 ob

251 1056 403 1107 cansam
427 1029 527 1101 sicul
550 1027 720 1102 historici
741 1048 798 1100 ,ex
823 1026 1108 1128 antiquitatibus
1134 1055 1180 1102 ea
1195 1027 1334 1101 tautum

253 1129 469 1205 adsciscere
505 1124 649 1218 solent,
682 1121 819 1223 quibus
852 1149 893 1198 se
926 1123 974 1197 ad
1007 1124 1253 1224 explicandas
1276 1151 1335 1199 res

248 1226 381 1328 gestas
406 1223 445 1296 et
469 1221 626 1296 eventus
650 1224 706 1293 uti
730 1245 846 1319 posse
871 1219 1048 1312 iudicent,
1073 1227 1128 1296 ita
1149 1228 1260 1297 etiam
1278 1223 1337 1324 qni

249 1327 327 1398 anti
355 1319 493 1393 uitates
524 1315 680 1392 tradunt
718 1342 769 1390 ex
809 1313 967 1392 bistoria
1003 1319 1093 1394 nibil
1127 1318 1200 1394 sibi
1232 1345 1335 1393 assu·

249 1349 423 1494 mendum
449 1412 669 1506 censebunt,
695 1416 767 1486 nisi
794 1413 897 1514 quod
922 1414 970 1488 ad
995 1417 1155 1490 formam
1187 1419 1228 1492 et
1251 1442 1337 1490 con·

250 1515 435 1590 dicionem
468 1516 525 1586 rei
555 1509 730 1611 publicae
764 1513 920 1612 eiusque
956 1517 1185 1587 mutationes
1217 1512 1337 1614 expli·

249 1611 391 1687 caudas
421 1611 613 1710 pertinere
643 1605 909 1684 intellexerint.
970 1612 1076 1684 llanc
1114 1613 1234 1710 igitur
1270 1636 1346 1683 nos

275 1734 400 1810 noque
433 1711 472 1780 in
505 1708 664 1780 Graecis
699 1703 989 1874 anticppitatibus
1018 1713 1206 1782 rationem
1242 1715 1338 1783 tene-

247 1736 390 1890 bimus:
418 1808 557 1878 erimus
582 1806 709 1876 tamen
735 1805 774 1874 in
825 1828 870 1875 ac
895 1804 1078 1878 historica
1110 1807 1221 1904 parte
1255 1803 1338 1880 bre·

247 1905 407 1995 nissimi,
445 1898 748 2003 quandoquidem
780 1897 975 1976 auditores
1000 1906 1194 2001 poscimus
1221 1903 1338 1978 bisto-
1416 1949 1418 1970 γ

246 2006 327 2076 riae
360 2003 580 2098 cognitione
613 2001 687 2070 ianr
713 1993 965 2095 probabiliter
991 2002 1208 2096 instructos,
1248 2025 1340 2102 quos

118 2129 119 2136 ¹
248 2098 295 2173 de
318 2096 490 2198 plurimis
515 2092 633 2170 rebus
657 2095 774 2169 verbo
801 2120 956 2172 monere
982 2100 1075 2171 satis
1102 2101 1164 2172 sit.

752 2316 763 2338 .
789 2265 855 2338 lll.

343 2397 413 2471 llis
438 2395 565 2498 itaque
589 2269 899 2472 finibuslinelusa
924 2397 1156 2474 Graecarum
1182 2391 1340 2504 antiqui-

247 2493 366 2570 tatum
402 2494 599 2594 discipline
630 2493 896 2594 amplissimum
929 2499 1055 2572 tamen
1093 2497 1339 2598 plurimorum

245 2596 481 2694 maximeque
506 2595 695 2665 variarum
721 2619 847 2666 rerum
875 2590 1006 2667 orbem
1033 2592 1187 2670 babebit
1210 2597 1339 2696 perlu-

247 2689 453 2763 strandum.
502 2691 599 2762 Nam
622 2711 702 2762 finon
729 2689 851 2763 solum
876 2691 1084 2791 repetenda
1109 2719 1236 2768 rerum
1270 2722 1338 2794 pu·

244 2783 430 2860 blicarum
457 2813 567 2888 quam
594 2786 676 2860 fieri
699 2790 843 2886 poterit
866 2787 1088 2887 longissime
1119 2793 1225 2864 initia
1251 2818 1337 2890 per-

246 2883 537 3054 sequepdaepue
562 2888 691 2958 variae
717 2907 845 2959 earum
862 2889 1087 3004 mutationes
1102 2913 1173 2987 per
1191 2915 1340 2962 omnem

245 2979 664 3176 litttbttlsstlr
679 2981 1338 3183 ttttttflltttltttntttl
1380 3175 1382 3179 .

57 3196 60 3212 ·
211 3215 213 3218 -
247 3175 514 3269 delitescebat,
536 3200 664 3248 verum
686 3179 820 3268 etiam,
845 3203 956 3276 quum
979 3179 1212 3252 Graecorum
1232 3185 1338 3253 natio

245 3297 322 3344 nun
351 3299 435 3344 uam
452 3277 489 3343 iu
504 3287 617 3344 unum
630 3275 685 3345 rei
698 3269 873 3370 publicae
887 3299 1027 3373 corpus
1046 3275 1242 3368 coaluerit,
1269 3277 1339 3350 sed

244 3372 284 3442 in
307 3298 490 3467 plurimas
517 3394 667 3466 semper
692 3370 863 3443 civitates
890 3369 1008 3444 divisa
1033 3371 1128 3446 alias
1160 3372 1250 3445 alibi
1283 3373 1337 3447 le-

245 3491 331 3564 ges,
357 3464 468 3538 aliam
493 3468 549 3536 rei
573 3461 750 3562 publicae
776 3465 935 3540 l'ormam
970 3467 1163 3564 babuerit,
1195 3471 1339 3545 luerint

243 3566 369 3636 tamen
396 3564 507 3634 etiam
533 3565 744 3634 communia
770 3563 953 3663 quaedam
972 3568 1091 3638 totius
1108 3572 1235 3665 gentis
1251 3573 1338 3641 iura

246 3662 285 3734 et
302 3661 492 3752 instituta,
519 3655 656 3759 quibus
683 3685 813 3733 omnes
838 3664 936 3736 inter
961 3689 1002 3737 se
1019 3665 1155 3736 Graeci
1182 3672 1336 3738 uteren-

243 3765 318 3851 tur,
342 3781 461 3856 porro
487 3759 603 3829 variis
628 3754 825 3831 foederum
852 3784 897 3831 ac
929 3764 1151 3834 societatum
1182 3768 1335 3860 generi·

242 3851 318 3946 bus
342 3853 440 3928 aliae
466 3880 550 3927 cnm
576 3851 666 3946 aliis,
686 3858 855 3928 civitates
880 3857 994 3931 modo
1021 3863 1163 3931 arctius
1189 3867 1226 3931 et
1250 3857 1335 3931 diu-

242 3952 319 4024 tius
344 3948 457 4022 modo
482 3949 605 4024 laxius
632 3951 671 4023 et
695 3949 742 4024 ad
767 3954 916 4051 tempus
931 3959 1173 4029 coniunctae:
1199 3956 1333 4028 barum

244 4050 408 4122 omnium
439 4073 565 4121 rerum
598 4045 737 4120 nullam
770 4049 883 4146 plane
908 4055 1158 4149 praetermitti
1189 4051 1332 4126 debere
1417 4129 1418 4134 ,

242 4147 413 4246 apparet.
458 4143 695 4244 Quamquam
715 4149 859 4242 pariter
880 4145 927 4220 de
943 4149 1116 4222 omnibus
1135 4149 1332 4244 ermcleate

242 4247 281 4318 et
305 4244 461 4359 copiose
488 4241 616 4314 dicero
642 4240 699 4314 vel
731 4241 860 4341 dispar
891 4247 1057 4344 ipsarum
1092 4247 1277 4345 dignitas
1292 4254 1331 4318 et

240 4335 463 4438 magnrtndo
488 4335 548 4412 vel
574 4344 899 4413 monumentorum
924 4347 1054 4443 iniqua
1072 4345 1244 4416 condicio
1264 4369 1337 4416 vem
