2822 5082
201 309 206 320 ’
265 350 339 426 mo
467 349 508 424 r.
532 345 593 422 ne
616 369 662 420 re
680 347 839 448 petrea
862 345 1164 426 eremum.

266 530 440 636 publicae
465 529 613 629 partem
630 526 970 620 administrassent,
989 533 1090 622 inira
1116 533 1256 608 cerium
1270 538 1341 612 ten·

266 659 339 734 pus
363 624 587 704 referendae
614 627 786 726 crant1),
814 630 995 728 imprimis
1009 635 1341 746 pecuniarnmquns

268 724 540 829 expendissent
572 735 867 822 erogasseutro,
906 726 974 800 sed
1007 731 1173 804 tortasse
1206 731 1341 806 aliarum

268 850 418 930 quoquo
444 847 582 916 rerum,
609 847 863 923 quascumque
889 825 928 896 in
954 827 1180 923 magistratu
1212 828 1267 902 rel
1290 857 1341 902 cn·

268 927 418 1000 rationo
442 920 712 1018 gessissent2).
757 905 1043 994 Relerehnntut
1068 930 1192 996 autem
1218 930 1343 1026 scripto

267 1017 561 1118 consignatam)
586 1015 634 1090 ad
656 1013 693 1090 lo
724 1019 881 1092 istarum
903 1015 1118 1116 collegium,
1145 1023 1208 1122 qui
1234 1021 1344 1097 decem

269 1127 397 1211 erant,
436 1143 457 1190 e
494 1113 656 1214 singuiis
693 1041 792 1186 hand
841 1111 955 1191 dubie
1001 1114 1178 1192 tribubus
1224 1120 1346 1220 singuli

268 1221 374 1294 sorte
400 1215 520 1290 creati
532 1210 582 1308 ⁴).
607 1213 658 1288 Hi
683 1208 827 1286 relatas
852 1211 899 1286 ad
926 1239 969 1289 se
985 1216 1155 1290 rationes
1173 1215 1346 1317 eutbynis,

269 1319 332 1418 qui
358 1317 397 1387 et
420 1313 494 1409 ipsi
520 1307 651 1385 decem
676 1311 786 1386 erant
811 1315 917 1384 sorte
943 1315 1057 1411 capti,
1083 1338 1286 1415 eorumque
1307 1319 1348 1390 ri·

265 1415 365 1513 ginti
397 1404 674 1500 assessoribus,
711 1403 759 1479 ab
793 1410 900 1506 ipsis,
932 1411 975 1482 nt
1005 1407 1187 1504 arbitror,
1220 1437 1346 1486 ossum·

266 1515 356 1611 ptis,
391 1502 666 1582 examinandas
699 1501 901 1604 diligenter
927 1507 1249 1610 excutiendasque
1281 1513 1347 1584 tra·

269 1605 413 1682 debant
427 1605 483 1700 ⁵)3
511 1605 574 1704 qni
600 1603 633 1677 si
661 1599 748 1702 quid
772 1601 1128 1702 deprehendissent,
1147 1603 1280 1708 dequo
1298 1635 1347 1681 sa·

267 1703 447 1782 tisincere
479 1705 574 1801 ipsis
607 1705 646 1778 et
676 1725 718 1774 se
756 1726 975 1804 expurgare
1013 1705 1047 1776 is
1078 1705 1141 1804 qui
1180 1709 1347 1778 rationem

265 1799 447 1880 retulerat
486 1825 564 1874 non
602 1799 802 1898 posset,.i)
843 1797 917 1872 hoc
953 1797 1104 1900 legistis
1135 1799 1347 1897 indicabant,

265 1925 532 2046 When
552 1990 575 2026 s·
594 1989 623 2025 v.
641 1971 765 2042 terserat.
782 1967 859 2023 Poll.
877 1969 959 2038 vm,
978 1973 1022 2026 45.
1040 1971 1178 2028 Aeschin.
1196 1974 1311 2030 iactes.
1326 1993 1348 2046 p.

264 2048 399 2196 {nappe
417 2047 520 2101 uere».
536 2045 621 2099 reos.
639 2045 702 2099 ses.
720 2061 749 2115 p.
766 2041 821 2098 uo
837 2060 911 2118 sqq.
927 2043 1053 2132 eratne.
1071 2045 1134 2118 11..
1152 2046 1217 2102 ees.
1242 2046 1348 2101 nense.

336 2224 365 2291 2)
383 2225 427 2278 lte
444 2221 574 2278 Pletner.
591 2241 620 2295 p.
638 2221 693 2276 342
711 2240 755 2294 sq.
775 2226 805 2276 et
821 2221 925 2276 Meier.
945 2241 973 2295 p.
993 2223 1055 2279 219.
1084 2224 1146 2280 Seri
1164 2243 1202 2280 ex
1219 2223 1347 2280 Aeschine

264 2302 296 2354 in
316 2293 444 2368 Ctesiph.
462 2314 490 2367 p.
500 2293 555 2350 414
572 2311 709 2364 apparere
726 2293 850 2362 ridetur,
867 2297 1018 2364 rationem,
1042 2315 1116 2369 qnae
1135 2317 1205 2351 rere
1224 2297 1279 2350 dici
1294 2315 1348 2370 pos·

265 2373 312 2436 sii,
332 2369 367 2421 ab
386 2369 422 2422 iis
440 2373 551 2419 tantum
570 2363 691 2420 relatam
711 2384 775 2419 esse
794 2368 844 2438 qui
868 2369 1005 2458 pecunias
1031 2369 1291 2434 administrassent,
1312 2387 1349 2420 re-

265 2443 361 2514 liquos
380 2437 453 2493 nihil
470 2437 532 2492 iere
549 2439 606 2492 nisi
623 2435 679 2492 hoe
702 2436 845 2504 retulisse,
869 2436 907 2492 ότι
921 2434 969 2493 eis’
986 2440 1079 2510 ἔλαβον
1094 2440 1169 2496 οὐδὲν
1180 2441 1234 2496 urin
1254 2439 1347 2508 sirni-

265 2510 537 2578 tseercis'simiiuecv.
562 2510 665 2582 ltaque
683 2509 803 2564 alierum
822 2528 918 2564 rerum
936 2513 967 2564 in
986 2514 1154 2582 magistratu
1173 2524 1296 2566 soterum
1312 2529 1350 2564 rs·

265 2590 374 2641 tionem
393 2601 453 2637 non
476 2583 662 2656 perscriptam
686 2589 716 2636 et
738 2581 776 2635 sd
800 2579 921 2652 legistas
945 2581 1081 2652 relatum,
1110 2585 1159 2638 sed
1185 2589 1227 2638 its
1250 2583 1350 2636 demum
1392 2641 1393 2648 ἵ

267 2658 407 2713 redditam
433 2655 566 2722 arbitror,
589 2656 615 2708 si
640 2655 710 2726 quis¹
727 2663 878 2708 accusator
906 2657 1057 2726 extitisset,
1076 2659 1123 2710 cui
1144 2659 1175 2710 iu
1195 2656 1299 2710 inclinio
1315 2673 1352 2709 re·

267 2728 468 2806 spondendum
488 2734 573 2780 esset.
593 2725 639 2781 cf.
657 2733 719 2780 not.
737 2726 764 2780 4.

337 2832 371 2906 3)
391 2836 468 2889 ilinc
483 2832 563 2906 λόγον
577 2829 625 2888 eei
641 2829 752 2890 εὔθῦνας
795 2830 916 2906 γράφειν.
935 2831 1070 2887 Aeschine.
1088 2835 1117 2888 in
1130 2821 1257 2906 ctesiph
1264 2854 1290 2907 p.
1297 2833 1351 2888 403.
1392 2815 1393 2894 l

267 2907 331 2964 408.
360 2907 440 2980 λόγον
456 2905 629 2980 ἀπογράφειν.
650 2907 773 2958 Demost
794 2909 850 2958 .1ιι
870 2905 1000 2959 'I'inrotb
1019 2925 1046 2978 p.
1069 2905 1247 2962 11871189.
1284 2903 1352 2969 onst

267 2981 382 3036 intersit
399 2983 475 3033 inter
491 2980 571 3050 λόγον
588 2971 756 3046 (rationem)
777 2983 807 3029 et
822 2977 934 3034 οὖθῦνας
957 2977 1046 3050 (quse
1069 2979 1104 3030 sd
1122 2977 1299 3049 probandam
1315 2995 1353 3030 rs·

265 3056 373 3106 tionem
392 3051 561 3124 pertinent),
585 3049 684 3103 denuit
704 3047 886 3102 Bucolicis
907 3050 1010 3104 Museo
1028 3049 1174 3104 Bheusuo
1194 3067 1264 3104 sun.
1283 3050 1352 3104 1827.

265 3132 334 3179 tom.
355 3127 371 3179 1
390 3144 418 3196 p.
438 3123 473 3178 72
489 3141 533 3195 sq.

335 3228 368 3302 4)
387 3230 458 3285 Viri.
476 3230 621 3300 Harpocr.
640 3245 663 3281 s.
687 3246 714 3280 v.
739 3223 855 3299 ληισταὶ
877 3232 907 3280 et
925 3225 974 3283 sll.
999 3247 1045 3301 ep.
1069 3229 1174 3282 Meter.
1193 3229 1282 3282 Peos.
1300 3229 1354 3280 stt.

266 3324 293 3376 p.
304 3305 364 3358 tou.
384 3329 420 3342 -·
438 3301 567 3356 Pollucis
586 3299 678 3356 verba
696 3301 779 3367 vm,
798 3301 848 3353 4⁵2
867 3299 963 3366 ιῦθύνη
980 3299 1008 3354 (ii
1027 3323 1059 3336 -
1079 3299 1095 3367 si
1112 3298 1164 3370 piu
1179 3298 1242 3373 περὶ
1256 3297 1353 3374 χρημά-

264 3395 316 3430 των
331 3371 395 3450 πρὸς
408 3370 463 3448 reis
477 3373 587 3431 tetricos
602 3371 650 3427 sai
665 3369 786 3444 λαμπὰς,
804 3369 820 3438 ἡ
839 3369 867 3424 et
890 3371 950 3446 aspi
972 3371 1140 3443 ἅδιαημάπιν
1155 3369 1221 3446 repis
1235 3371 1353 3430 ἅααοπὶι,

268 3449 439 3501 confirmare
458 3445 594 3498 videntur
612 3447 783 3498 sententiam
810 3461 845 3496 su
865 3461 898 3496 rs
920 3450 979 3498 not.
1005 3447 1023 3498 2
1046 3447 1233 3516 propositam.
1278 3440 1355 3507 Quod

263 3519 425 3576 Aeschines
445 3519 485 3570 eit
502 3519 533 3570 in
552 3515 679 3588 Ctesipb.
705 3535 734 3586 p.
759 3515 823 3582 403,
844 3461 924 3586 hyon
947 3513 995 3569 eni
1018 3514 1289 3592 sitirestyypciqum
1305 3510 1357 3586 nplt

262 3589 306 3648 ste
321 3593 526 3665 γραμματέα
544 3588 591 3642 καὶ
614 3585 670 3644 eote
690 3587 815 3658 λογιστάς,
842 3587 948 3656 ambigi
976 3595 1072 3660 potest
1097 3590 1230 3658 quisnam
1255 3590 1293 3640 sit
1314 3584 1355 3638 iile

263 3663 436 3737 γραμματεύς,
455 3662 663 3729 logisterumne
681 3659 784 3727 scriba,
804 3675 841 3710 sn
867 3657 949 3712 elius.
984 3661 1043 3713 seu
1071 3657 1143 3712 brec
1162 3662 1303 3732 quaestio,
1324 3658 1354 3708 si·

263 3746 311 3788 cut
329 3734 457 3788 Pollucis
469 3733 552 3797 viu,
570 3732 606 3786 99
619 3731 781 3806 emendatio
802 3740 832 3784 st
848 3733 1058 3804 interpretatio,
1066 3731 1183 3802 longam
1198 3730 1355 3804 disputatio·

254 3826 328 3862 uem
347 3805 484 3880 postulet,
503 3822 588 3876 quam
608 3802 654 3856 bic
674 3802 757 3856 locus
777 3821 835 3856 nou
855 3805 940 3875 cepit.

333 3913 362 3980 ὅ)
381 3914 426 3966 De
446 3909 584 3982 eutbynis
608 3918 638 3965 et
661 3909 808 3983 quomodo
835 3929 852 3963 a
876 3909 990 3978 logistis
1014 3908 1123 3962 diversi
1148 3907 1262 3962 fuerint
1284 3907 1354 3959 lucu·

261 3985 421 4040 lentissime
439 3983 607 4038 Boechhius
626 3985 760 4054 exposuit
777 3982 854 4036 Mus.
873 3981 973 4036 Rhea.
992 3980 1011 4034 l.
1030 3979 1051 4034 l.
1070 4001 1098 4053 p.
1117 3981 1153 4034 tn
1171 3997 1237 4053 sqq.
1257 3981 1300 4032 De
1317 3993 1354 4028 ss·

261 4057 421 4112 sessoribus
441 4052 607 4131 (unicipites)
628 4073 728 4109 eorum
749 4053 808 4109 viel.
826 4055 866 4107 ib.
886 4073 914 4126 p.
934 4053 1049 4109 76-81.
1078 4052 1198 4106 Horeb
1218 4055 1228 4104 i
1249 4054 1287 4104 sis
1305 4047 1354 4100 leo·

259 4137 306 4183 tos
326 4148 388 4182 esse
406 4073 560 4200 probabile
578 4129 611 4182 tit
629 4146 667 4182 ex
685 4129 899 4198 comparatione
919 4142 1027 4196 eorum,
1050 4127 1100 4198 qui
1118 4123 1154 4178 sb
1175 4071 1353 4178 archontibus

262 4200 472 4272 allegebsntur.

331 4305 365 4376 6)
387 4309 420 4362 Si
439 4306 602 4380 probabant
620 4307 771 4372 rationem,
790 4303 846 4358 boc
864 4267 1265 4377 subscriptioneindioebsnt,
1284 4292 1353 4371 quel

258 4381 475 4456 ἔπισιιμαίνιαθαι
492 4380 601 4436 dictum
619 4378 744 4436 ridetur.
763 4375 892 4432 Bosckb.
913 4395 976 4434 oea.
994 4396 1018 4431 r.
1036 4396 1065 4450 p.
1085 4378 1120 4430 A.
1139 4375 1155 4428 1
1173 4395 1203 4448 p.
1221 4373 1281 4430 2418.
