2806 5080
210 355 283 432 IV.
310 364 343 432 1.
365 354 427 428 De
458 352 750 454 Spartanorum
773 373 819 424 re
836 347 1006 452 publicu.
1080 351 1152 428 121

538 573 570 644 a.
594 551 665 627 IX.
735 569 742 584 ·

152 689 239 762 Fuit
270 685 395 760 antem
425 709 550 785 genus
582 685 730 784 imperii
764 683 972 786 antiquitus
1004 709 1055 760 ex
1086 711 1149 760 re·

68 810 159 884 gum,
185 786 414 884 optimorum
439 783 478 856 ct
500 780 676 883 populari
700 783 892 882 potestate
925 786 1080 858 mixtum
1110 787 1151 859 et

69 883 307 982 temperatum
324 882 374 977 ¹),
407 905 519 982 quum
551 905 695 954 summa
729 904 856 952 rerum
888 905 1006 980 penes
1037 907 1149 956 sena·

69 988 135 1054 tum
157 976 412 1079 populumque
438 978 559 1072 esset,
592 976 651 1050 his
682 977 806 1050 eutem
831 1001 947 1077 reges
971 979 1149 1078 tanquam

67 1075 254 1178 praesides
289 1083 328 1149 et
356 1072 620 1148 moderatores
649 1099 744 1174 prae
773 1073 876 1147 ositi.
935 1073 1150 1150 Senatores
1196 1111 1199 1120 ’

14 1249 16 1256 ,
68 1175 145 1247 octo
182 1179 222 1247 et
257 1175 399 1272 viginti·
419 1169 479 1246 vel
514 1166 672 1270 regibus
704 1099 960 1246 acllonmeratis
991 1175 1151 1272 triginta

65 1296 210 1345 numero
236 1271 411 1366 erent²)‚
437 1271 502 1372 qni
527 1293 704 1344 numerus
731 1293 843 1370 quum
874 1267 960 1344 obis
991 1280 1150 1367 respon·

67 1366 152 1460 deal,
176 1393 255 1442 uon
280 1371 407 1466 inepte
431 1365 602 1442 nonnulli
626 1369 801 1466 singulos
826 1365 1049 1466 exsingulis
1064 1365 1151 1441 obis

65 1462 172 1540 luisse
199 1467 446 1540 coniecerunt
458 1466 506 1562 3).
558 1461 801 1538 creabantur
825 1462 958 1563 populi
983 1467 1151 1539 universi

6 1595 7 1660 ς
66 1562 249 1661 suffragiis
275 1587 343 1665 per
373 1560 699 1652 acclamationem,
734 1556 803 1634 sed
834 1558 1094 1636 tautummodo
1128 1588 1151 1636 e

5 1727 6 1734 ,
65 1657 291 1753 senioribus,
329 1662 392 1761 qui
423 1661 705 1756 sexagesimum
737 1657 876 1730 aetatis
909 1685 1046 1734 annum
1080 1683 1146 1734 ex·

64 1756 225 1858 plessent
249 1761 400 1858 viteque
425 1759 464 1842 et
495 1753 666 1829 moribus
695 1779 789 1854 prae
823 1761 962 1831 ceteris
994 1753 1151 1856 probati

64 1853 248 1952 esseut⁴):
279 1879 331 1929 ex
355 1879 430 1956 quo
451 1852 639 1954 apparet,
669 1859 873 1952 postquam
903 1851 1149 1930 homoeorum

63 1951 150 2025 ordo
184 1978 208 2026 a
239 1953 377 2027 ceteris
412 1948 578 2026 discerni
609 1951 804 2048 coeperet,
837 1957 1038 2026 senatores
1069 1977 1148 2024 uon

4 2111 6 2158 ἶ
62 2053 226 2148 potuisse
266 2052 341 2124 uisi
379 2074 429 2125 ex
466 2047 637 2124 homoeis
670 2049 793 2122 creari
806 2045 854 2143 ⁵).
911 2048 1149 2150 Dignitatem

61 2328 157 2386 meeth.
176 2347 220 2383 or.
246 2326 283 2382 de
311 2345 410 2382 coron·
427 2348 456 2403 p.
476 2298 654 2402 255³(quem
679 2327 774 2384 locum
799 2327 975 2387 sebastena
998 2345 1149 2402 perperam

4 2413 6 2493 L
63 2403 376 2524 interpretatnrrhrecte
394 2401 528 2499 Muellep.
546 2405 619 2458 Dor.
644 2397 819 2492 11123170.)
850 2399 998 2456 Plutarch.
1018 2401 1103 2500 Apid.
1123 2419 1147 2454 e.

3 2490 5 2510 ⁴
61 2473 84 2614 l:
99 2471 815 2673 {gjinffuhidpiffiitntpttn
829 2472 1150 2616 {minitati

62 2635 85 2689 p.
155 2654 163 2672 .
226 2635 446 2670 ro·en
514 2636 687 2690 nm.p..

124 2723 151 2786 Ι)
170 2721 278 2794 Polyb.
294 2725 350 2791 vl,
365 2723 394 2792 ³,
411 2723 439 2779 8.
456 2723 535 2778 Plnt.
553 2725 677 2797 Lycurg.
696 2743 722 2779 o.
739 2725 766 2780 o.
788 2723 911 2795 'Pyrtaei
928 2723 1031 2794 fragm.
1048 2723 1149 2778 Euno-

61 2797 128 2848 miae
150 2799 169 2850 2
196 2814 224 2868 p.
243 2797 279 2850 ee
307 2793 397 2850 Raab.
435 2798 671 2852 Aristocratieam
691 2797 853 2870 Spartanae
870 2795 1008 2868 reipubl.
1027 2793 1149 2849 formam

62 2866 139 2920 multi
160 2867 313 2933 dixerunt,·
336 2866 389 2920 aad
410 2867 545 2922 nonnulli
564 2875 650 2923 etiam
669 2869 897 2922 democratiaene.
930 2869 1020 2922 lacer.
1038 2871 1148 2939 Arcop.

63 2955 85 2990 c·
101 2941 135 2994 ot
152 2939 224 3012 ibiq.
242 2940 415 3008 Bergmann.
433 2959 460 3011 p.
482 2940 534 2994 lon
552 2959 594 3012 aq.
630 2940 676 2996 cf.
695 2948 725 2994 et
741 2943 863 2994 Aristot.
880 2939 921 3002 11,
938 2940 967 3005 3,
986 2940 1021 2993 10
1046 2946 1075 2992 et
1091 2940 1149 2991 Ar-

62 3007 132 3081 chyt.
152 3029 199 3082 ap.
216 3010 337 3064 Stobae.
356 3018 425 3064 tom.
441 3011 471 3064 ll
489 3031 516 3082 p.
535 3013 589 3067 168
608 3011 717 3079 (iniat,
741 3028 913 3085 quamquam
930 3009 962 3066 hi
978 3008 1038 3066 loei
1054 3012 1150 3064 minua

62 3083 93 3134 ad
110 3085 305 3157 antiquiorem
323 3085 365 3136 rei
382 3081 460 3155 publ.
479 3081 601 3138 formam
619 3091 760 3158 spectant.

3 3213 5 3246 i
125 3187 158 3262 2)
178 3189 259 3244 Plut.
276 3188 405 3262 Lycurg.
425 3208 450 3244 ο.
470 3190 497 3245 5.

121 3295 154 3366 3)
174 3295 312 3353 Mueller.
330 3297 401 3351 Dor.
417 3297 448 3351 11
465 3315 494 3370 p·
514 3297 557 3355 79.
585 3297 744 3368 Goettling.
764 3296 802 3350 ad
819 3297 939 3351 Aristot.
956 3293 1023 3350 Pol.
1041 3313 1068 3368 p.
1085 3294 1148 3350 468.

62 3367 127 3422 Add.
146 3367 325 3424 Lachmann.
344 3387 373 3440 p.
393 3369 461 3436 leo,
490 3373 572 3424 cuiue
597 3378 761 3424 commenta
790 3369 827 3424 de
851 3367 965 3421 duobua
993 3367 1150 3434 uenatibus,

62 3439 257 3510 ltylleensium
281 3449 311 3494 et
332 3442 512 3511 Dymanum,
537 3443 583 3496 eui
607 3444 710 3496 tertius
734 3461 752 3496 a
774 3442 909 3513 Lycurge
933 3439 1048 3496 additur
1070 3441 1109 3493 sit
1133 3458 1150 3492 e

3 3563 4 3570 ,
61 3511 235 3584 Pamphylia,
254 3511 381 3566 refutare
399 3511 472 3566 nihil
491 3517 603 3568 attinet.
641 3515 776 3570 Ceterum
803 3512 958 3568 admodum
977 3515 1089 3566 incerta
1107 3518 1152 3564 eet

3 3593 4 3596 ’
61 3584 110 3637 ista
127 3584 165 3639 de
185 3584 370 3638 aenatoribus
388 3603 425 3639 ex
444 3585 508 3639 obia
525 3584 649 3655 singulis
661 3589 837 3652 coniectura,
856 3583 1084 3657 quandoquidem
1099 3601 1151 3636 nc-

61 3659 159 3710 mincm
191 3675 207 3710 e
231 3654 392 3725 veteribus,
417 3659 503 3711 etiam
528 3660 627 3730 quiin
646 3677 748 3714 causas
766 3659 879 3712 numeri
896 3663 1063 3717 senatorum
1082 3653 1150 3708 data
1220 3709 1230 3716 ,.

62 3745 143 3800 opera
161 3730 385 3802 inquiaiuerunt,
404 3727 440 3782 de
460 3729 523 3782 olria
542 3731 685 3799 cogitarae
703 3737 820 3803 apparet
838 3747 854 3783 e
871 3725 1018 3784 Plutarch·
1035 3725 1057 3782 l.
1074 3723 1095 3780 l.

123 3831 159 3903 4)
179 3837 367 3908 Πρεσβυγενὲες
382 3838 418 3889 in
442 3835 540 3890 rhetra
563 3855 608 3909 ap.
632 3836 711 3892 Plnt.
729 3839 802 3910 layo.
822 3855 847 3891 e.
866 3837 891 3892 6.
917 3835 951 3890 ot.
970 3832 1104 3887 Mueller.
1122 3834 1152 3888 11

3 3925 5 3974 4
60 3923 85 3976 p.
98 3906 142 3960 91.
179 3908 302 3961 Modum
326 3907 459 3976 creandi,
484 3927 501 3960 a
523 3907 679 3964 Plutarcho
705 3929 730 3965 e.
750 3910 786 3965 26
810 3914 942 3963 accurate
968 3905 1150 3978 descriptum,

3 4045 4 4052 ἵ
59 3979 175 4032 Aristot.
195 3977 232 4046 11,
251 3980 279 4042 6,
300 3979 334 4033 le
353 3981 393 4032 ait
410 3979 576 4054 παιδαριώδη
593 3977 659 4035 aurei
678 3979 723 4049 τὴν
740 3985 831 4058 aptatu,
849 3979 973 4033 fortasse
992 3978 1059 4048 qnia
1077 3975 1150 4031 haec

3 4075 4 4122 3
59 4049 117 4118 ipsa
134 4051 217 4127 apion
238 4049 289 4104 illa
308 4057 403 4104 aetate
421 4070 481 4106 non
499 4057 578 4105 recte
600 4057 749 4129 magisque
772 4053 843 4106 dicia
867 4067 955 4103 causa
997 4065 1062 4100 uam
1080 4067 1151 4104 vere

61 4121 205 4188 agebatur.
242 4121 321 4176 Olim
341 4129 420 4177 certe
437 4129 470 4176 ut
488 4125 550 4194 ipae
569 4122 641 4178 dicit
659 4121 684 4195 ᾗ.
706 4128 740 4180 15
765 4131 794 4177 et
817 4119 969 4177 Demosth.
1014 4123 1102 4192 eptin.
1121 4141 1150 4194 p.

59 4191 109 4247 489
126 4196 274 4247 senatoria
293 4193 417 4264 dignitas
440 4188 524 4250 ἆθλον
541 4193 629 4269 ἀρετῆς
646 4205 717 4252 mat.
752 4196 824 4251 Non
841 4197 905 4248 sine
923 4194 1151 4266 petitionetrea·

59 4269 101 4318 toa
120 4282 184 4318 ease
201 4267 324 4320 Aristot.
342 4264 529 4339 reprehendit
547 4267 576 4336 ᾗ.
597 4267 640 4324 18.

125 4367 156 4442 ὅ)
173 4373 265 4429 Arist.
283 4373 323 4444 11,
342 4373 369 4446 ὅ,
387 4373 406 4432 8
424 4379 590 4430 aenatorum
608 4371 705 4451 αἵρεσιν
720 4367 912 4453 metio
933 4378 1021 4432 vocat
1040 4389 1151 4446 exque
