2806 5080
224 331 252 405 1
257 329 297 403 V.
320 325 356 400 2
379 326 440 400 Dc
467 327 703 401 Cretensium
727 338 772 400 re
788 326 960 428 publica.
1065 327 1137 404 157

68 519 165 612 ur2).
216 513 371 587 Uxores
395 533 471 582 non
498 510 677 582 continno
705 535 787 585 cum
812 511 957 586 maritis
982 507 1138 585 cohabi-

67 625 151 709 tare,
186 610 256 688 sed
286 606 513 710 aliquamdiu
543 609 582 678 in
615 610 775 708 paterna
801 609 914 682 domo
940 633 1137 684 remanere

8 799 9 804 χ
67 712 238 801 solebant,
263 706 386 780 donec
412 704 731 780 administrandae
760 709 817 780 rei
847 704 1021 779 familiari
1046 710 1138 780 satis

8 823 9 834 ’
66 817 217 886 naturae
255 801 531 892 viderentur3).
586 802 726 874 Dotem
757 802 992 902 accipiebant
1030 801 1137 876 dimi-

67 912 147 984 diam
170 912 319 1006 partem
344 925 488 991 eornm,
515 923 609 1000 quae
635 897 817 973 l'ratribus
832 927 881 974 ex
899 905 1056 1000 paterna
1072 897 1138 975 be·

8 979 10 1010 l
65 1008 209 1082 ruditate
236 1003 501 1096 contingerent
511 995 557 1089 4).
596 995 789 1070 Sanctitas
809 1002 1032 1071 matrimonii
1058 1023 1138 1071 mo-

65 1104 155 1180 ribus
175 1097 400 1200 legibusque
426 1092 634 1168 custodita:
660 1091 883 1169 adulterium
901 1103 939 1169 et
948 1094 1087 1177 mulcta
1098 1103 1141 1184 et

65 1202 203 1277 infamia
234 1199 415 1289 sancitum
430 1191 470 1278 ⁵).
520 1193 705 1266 Universa
737 1192 930 1266 mulierum
964 1183 1138 1266 condicio

64 1305 200 1400 vitaque
233 1292 441 1368 domestica
474 1287 595 1390 qualis
633 1285 732 1387 apud
765 1293 970 1363 Cretenses
1012 1287 1140 1382 luerit,

63 1421 182 1516 parum
191 1395 376 1564 'honustat
388 1390 444 1484 ⁶),
463 1385 695 1556 aqisiNquod
716 1412 890 1556 5¹3¹⁰P⁸t³9
930 1391 1140 1556 commpqio

64 1514 333 1691 dpllblldbbrlldrll
338 1509 491 1682 0111571716
534 1508 660 1679 apullbl
687 1484 1143 1680 dtiblmmpbrerloallbillbcrl

64 1689 154 1764 soliti
168 1689 217 1783 ⁷).
270 1683 476 1755 Convictus
508 1681 674 1750 virorum
706 1680 843 1771 ἀνδρεῖα
868 1675 1091 1753 dicebantur
1105 1679 1141 1774 ⁸)

8 1831 10 1860 r
63 1782 414 1878 celebrabanturque
439 1778 477 1850 iu
504 1773 662 1848 aedibus
686 1770 864 1874 publicis:
888 1779 925 1849 in
949 1775 1006 1849 bis
1030 1780 1142 1850 etiam

62 1885 219 1983 bospites
253 1872 540 1976 excipiebantur
574 1870 750 1970 hospitali
782 1898 812 1945 s.
837 1874 938 1944 Iovis
963 1875 1142 1972 Hospita-

8 2003 10 2012 r

8 2035 10 2048 l

8 3085 10 3192 l

60 1983 99 2056 lis
129 1978 318 2071 incusat),
368 1974 501 2046 Victus
534 1968 694 2068 simplex
727 1970 766 2043 et
801 1967 979 2068 frugalis:
1017 1975 1143 2044 vinnm

60 2121 252 2140 w

60 2191 114 2244 bile
125 2199 174 2244 est.
203 2185 384 2240 Sententiam
401 2180 459 2235 loci
476 2177 552 2233 bauo
570 2178 660 2233 luisse
671 2177 766 2246 oredo,
785 2184 827 2245 nt,
844 2179 893 2251 qui
905 2196 958 2250 per
970 2177 1142 2232 decennium

62 2262 201 2316 exercitati
220 2264 325 2324 essent,
343 2257 400 2308 iarn
418 2255 490 2306 viris
508 2263 743 2306 accensarenturr
765 2249 790 2304 sl
813 2251 878 2304 δέκα
891 2251 935 2318 den
952 2248 1082 2318 ἦαηκότες
1097 2249 1144 2304 sal

60 2337 83 2388 tr
96 2339 145 2392 τοῖς
160 2331 288 2406 ἀνδράσιν
303 2327 350 2397 ἤδη
365 2323 494 2392 τελοῦντες,
513 2332 563 2377 sut
580 2323 639 2376 tale
658 2323 740 2396 quide
765 2333 798 2376 ut
824 2321 888 2376 sliis
906 2319 1005 2376 verbis
1029 2324 1143 2377 omissis

62 2407 122 2460 aliis
137 2403 317 2476 transpositis
337 2396 500 2469 corruptela
518 2403 582 2450 orte
602 2397 650 2450 ua

111 2510 155 2582 x2)
174 2509 282 2584 pror.
300 2505 322 2561 1.
340 2504 360 2562 1.
379 2523 402 2578 p·
423 2503 487 2559 ⁴82.

125 2616 155 2690 3)
175 2621 221 2672 lta
238 2616 263 2670 E

283 2614 372 2669 bosus
391 2611 411 2666 l.
430 2609 450 2664 1.
487 2609 622 2664 Ceterum
641 2629 701 2663 uon
720 2609 821 2663 dubito
846 2611 915 2698 quin
939 2607 1039 2662 eedem
1058 2607 1143 2663 buius

62 2696 143 2747 moris
161 2637 361 2750 consuluerit,
380 2689 599 2758 propterquam
620 2685 703 2736 etiam
724 2685 859 2754 Spartans
878 2698 999 2734 iuvenes
1024 2684 1144 2734 maritos

63 2764 231 2838 aliquamdiu
260 2759 296 2813 ab
326 2757 465 2812 uxoribus
492 2753 692 2824 segregabant.
734 2753 804 2808 vid.
828 2772 915 2826 supra
936 2755 970 2807 Ρ.
990 2755 1051 2820 lv,
1078 2754 1092 2808 1
1118 2748 1144 2824 5.

61 2839 104 2903 bl),
120 2839 143 2892 7.

126 2941 154 3012 Δ)
171 2941 281 3016 prur.
297 2939 317 2994 l.
336 2939 356 2994 l.

128 3051 156 3116 ll)
176 3047 291 3106 Aeliam.
310 3048 350 3100 V.
368 3048 406 3101 Η.
425 3044 488 3114 m,
508 3048 543 3101 la
562 3043 612 3113 (de
631 3039 803 3114 Gortyniis),
821 3058 879 3112 quo
897 3037 963 3090 loco
976 3034 1147 3108 serapem

65 3143 112 3196 pro
127 3124 293 3198 lnmpdosrsa
310 3139 409 3173 verum
430 3137 493 3172 esse
511 3137 597 3172 nemo
617 3109 817 3170 dubitabit-
836 3113 972 3165 Divortis
990 3111 1064 3181 apud
1076 3111 1146 3161 cre-

8 3219 9 3222 *
65 3205 152 3250 tenses
174 3196 255 3248 licita
278 3193 368 3246 luisse
386 3190 472 3244 facile
491 3189 594 3244 credoa
612 3188 663 3242 sed
683 3191 760 3240 errat
783 3190 878 3236 temen
903 3180 1013 3235 Hneoln
1034 3200 1064 3253 p.
1084 3180 1146 3246 170,

66 3286 143 3338 quum
162 3267 198 3320 de
215 3265 261 3318 bis
278 3262 464 3318 Aristotelem
482 3261 547 3316 Pol.
565 3263 604 3329 11,
623 3261 648 3328 7,
668 3260 685 3312 b
703 3257 784 3329 loqui
804 3261 911 3308 censet.

120 3372 150 3446 6)
171 3375 217 3430 Gi.
236 3380 332 3427 tamen
351 3369 426 3426 Plat.
443 3369 532 3440 Legg.
549 3369 596 3422 vl
613 3386 640 3439 p.
660 3365 722 3421 781.

128 3480 160 3554 7)
178 3481 248 3536 vid„
266 3496 354 3550 suprs
372 3475 401 3544 ἦ.
419 3477 445 3542 5,
463 3477 490 3531 d.
859 3519 864 3530 ,

127 3587 159 3661 Β)
177 3587 248 3643 vid.
267 3584 379 3639 Hoeclr.
397 3605 424 3656 p.
437 3581 490 3638 lus
508 3587 568 3636 not.
586 3607 621 3622 -
639 3575 991 3633 Sodalitiaconvlotorum
1007 3567 1145 3646 (ἑταιρίαν)

68 3661 159 3716 eodem
183 3660 312 3734 ἀνδρείων
332 3659 449 3711 nomine
476 3653 656 3709 vocabantur
680 3668 738 3704 sec.
760 3647 882 3704 Dnsiad.
902 3665 948 3718 sp.
967 3644 1073 3700 Athen.
1090 3645 1148 3697 IV.

67 3753 90 3804 1³·
107 3736 166 3800 143,
189 3741 314 3804 suntque
338 3729 462 3782 fortasse
481 3727 580 3781 eadem
599 3731 673 3798 quae
692 3722 786 3794 dyeia·
802 3723 834 3774 iu
852 3718 930 3772 foed.
949 3716 1098 3771 laetiorum
1117 3719 1147 3766 et

68 3805 242 3860 (llontiorum
268 3805 301 3856 (1.
325 3801 356 3854 J.
378 3799 409 3854 ll
426 3819 454 3871 p·
479 3799 540 3854 ³89.
558 3797 636 3851 Nam
654 3795 690 3848 de
708 3797 845 3850 iuvenum
864 3785 1063 3844 tantummodo
1102 3804 1148 3838 re·

67 3879 142 3944 gibus
159 3878 201 3931 ibi
220 3877 349 3944 cogitare
367 3890 414 3924 res
433 3875 496 3942 ipsa
513 3874 604 3923 vetat.
640 3869 777 3922 Fortasse
797 3865 846 3936 qui
864 3865 987 3914 iuvenes
1000 3861 1032 3912 iu
1045 3804 1147 3910 eodem

69 3967 147 4019 grege
163 3949 291 4016 fuerant,
308 3953 411 4018 postea
429 3945 515 3996 etiam
534 3940 662 3995 eiusdem
679 3937 789 4010 syssitii
808 3939 956 3988 consortes
976 3935 1068 3984 erant.

131 4054 163 4122 9)
182 4056 237 4110 Est
255 4052 394 4126 quaedam
413 4049 487 4104 levis
505 4049 647 4107 dissensio
664 4049 741 4100 inter
758 4039 914 4097 Dosiadem
934 4043 963 4091 et
970 4037 1145 4108 Pyrgioueur

71 4144 109 4198 tp.
131 4127 236 4182 Athen.
259 4127 314 4180 IV.
337 4145 365 4196 p.
390 4123 458 4188 lte,
485 4139 606 4195 quorum
625 4118 698 4172 alter
716 4115 799 4170 binas
815 4107 917 4176 ξενικὰς
930 4111 1057 4184 τραπέζας
1073 4106 1147 4160 alter
1197 4131 1199 4134 ·

70 4215 146 4253 unam
160 4205 273 4254 tantum
292 4203 505 4261 commemorat,
525 4211 598 4265 quae
618 4191 717 4245 eadem
734 4188 816 4250 tutor
831 4179 936 4240 Ante-at
951 4183 1024 4244 ξενία
1041 4184 1148 4234 voests

70 4272 109 4325 sit.
135 4271 223 4336 Quod
239 4269 315 4322 bano
326 4269 412 4344 spiens
427 4265 518 4320 fuisse
537 4265 614 4332 dicit,
631 4281 690 4315 non
702 4258 826 4315 arbitror
844 4272 909 4308 cnm
923 4252 1036 4310 floaek.
1053 4272 1082 4324 p.
1093 4251 1146 4304 lat

72 4340 100 4394 ds
118 4343 227 4398 duabus
243 4347 358 4414 praeter
375 4337 451 4394 beno
469 4336 623 4410 hospitum,
641 4333 694 4388 sed
711 4331 748 4386 de
767 4329 874 4382 cisium
891 4328 998 4381 mensis
1016 4326 1146 4393 cogitau-
