<?xml version="1.0" encoding="UTF-8"?>
<!DOCTYPE html PUBLIC "-//W3C//DTD XHTML 1.0 Transitional//EN"
    "http://www.w3.org/TR/xhtml1/DTD/xhtml1-transitional.dtd">
<html xmlns="http://www.w3.org/1999/xhtml" xml:lang="en" lang="en">
 <head>
  <title>
</title>
<meta http-equiv="Content-Type" content="text/html;charset=utf-8" />
  <meta name='ocr-system' content='tesseract 3.04.00' />
  <meta name='ocr-capabilities' content='ocr_page ocr_carea ocr_par ocr_line ocrx_word'/>
</head>
<body>
  <div class='ocr_page' id='page_1' title='image "./antiquitatesiur00schogoog_0018.png"; bbox 0 0 2840 5084; ppageno 0'>
   <div class='ocr_carea' id='block_1_1' title="bbox 516 311 1187 452">
    <p class='ocr_par' dir='ltr' id='par_1_1' title="bbox 516 311 1187 452">
     <span class='ocr_line' id='line_1_1' title="bbox 516 311 1187 452; baseline -0.006 -12"><span class='ocrx_word' id='word_1_1' title='bbox 516 364 772 440; x_wconf 75' lang='lat' dir='ltr'><strong>Prooemium.</strong></span> <span class='ocrx_word' id='word_1_2' title='bbox 891 311 893 316; x_wconf 15' lang='lat' dir='ltr'>v</span> <span class='ocrx_word' id='word_1_3' title='bbox 975 437 987 452; x_wconf 58' lang='lat'><em>„</em></span> <span class='ocrx_word' id='word_1_4' title='bbox 1162 363 1187 436; x_wconf 80' lang='lat'>5</span> 
     </span>
    </p>
   </div>
   <div class='ocr_carea' id='block_1_2' title="bbox 1 540 1188 1590">
    <p class='ocr_par' dir='ltr' id='par_1_2' title="bbox 1 540 1188 1590">
     <span class='ocr_line' id='line_1_2' title="bbox 104 540 1187 622; baseline 0 -4"><span class='ocrx_word' id='word_1_5' title='bbox 104 547 171 620; x_wconf 85' lang='lat' dir='ltr'><strong>tat.</strong></span> <span class='ocrx_word' id='word_1_6' title='bbox 219 545 317 618; x_wconf 89' lang='lat' dir='ltr'><strong>Nam</strong></span> <span class='ocrx_word' id='word_1_7' title='bbox 348 547 382 617; x_wconf 88' lang='lat' dir='ltr'><strong>si</strong></span> <span class='ocrx_word' id='word_1_8' title='bbox 414 541 463 617; x_wconf 90' lang='lat' dir='ltr'><strong>ab</strong></span> <span class='ocrx_word' id='word_1_9' title='bbox 489 540 782 622; x_wconf 64' lang='lat' dir='ltr'><strong>Atheniensibus</strong></span> <span class='ocrx_word' id='word_1_10' title='bbox 814 545 853 619; x_wconf 91' lang='lat' dir='ltr'><strong>et</strong></span> <span class='ocrx_word' id='word_1_11' title='bbox 876 543 1187 622; x_wconf 75' lang='lat' dir='ltr'><strong>Lacedaemoniis</strong></span> 
     </span>
     <span class='ocr_line' id='line_1_3' title="bbox 103 639 1188 742; baseline 0.001 -28"><span class='ocrx_word' id='word_1_12' title='bbox 103 643 324 715; x_wconf 78' lang='lat' dir='ltr'><strong>discesseris</strong></span> <span class='ocrx_word' id='word_1_13' title='bbox 348 639 576 742; x_wconf 86' lang='lat' dir='ltr'><strong>reliquarum</strong></span> <span class='ocrx_word' id='word_1_14' title='bbox 602 644 792 716; x_wconf 86' lang='lat' dir='ltr'><strong>civitatum</strong></span> <span class='ocrx_word' id='word_1_15' title='bbox 825 642 932 742; x_wconf 80' lang='lat' dir='ltr'><strong>leges</strong></span> <span class='ocrx_word' id='word_1_16' title='bbox 963 645 1002 717; x_wconf 96' lang='lat' dir='ltr'><strong>et</strong></span> <span class='ocrx_word' id='word_1_17' title='bbox 1032 644 1188 716; x_wconf 87' lang='lat' dir='ltr'><strong>insituta</strong></span> 
     </span>
     <span class='ocr_line' id='line_1_4' title="bbox 101 739 1186 838; baseline -0.001 -25"><span class='ocrx_word' id='word_1_18' title='bbox 101 741 167 813; x_wconf 90' lang='lat' dir='ltr'><strong>aut</strong></span> <span class='ocrx_word' id='word_1_19' title='bbox 190 765 323 837; x_wconf 91' lang='lat' dir='ltr'><strong>parum</strong></span> <span class='ocrx_word' id='word_1_20' title='bbox 351 743 507 838; x_wconf 82' lang='lat' dir='ltr'><strong>cognita</strong></span> <span class='ocrx_word' id='word_1_21' title='bbox 531 747 621 812; x_wconf 81' lang='lat' dir='ltr'><strong>srrnt</strong></span> <span class='ocrx_word' id='word_1_22' title='bbox 645 741 712 812; x_wconf 87' lang='lat' dir='ltr'><strong>aut</strong></span> <span class='ocrx_word' id='word_1_23' title='bbox 734 739 845 838; x_wconf 85' lang='lat' dir='ltr'><strong>plene</strong></span> <span class='ocrx_word' id='word_1_24' title='bbox 871 746 909 813; x_wconf 93' lang='lat' dir='ltr'><strong>in</strong></span> <span class='ocrx_word' id='word_1_25' title='bbox 936 739 1100 814; x_wconf 91' lang='lat' dir='ltr'><strong>obscuro</strong></span> <span class='ocrx_word' id='word_1_26' title='bbox 1130 739 1186 812; x_wconf 91' lang='lat' dir='ltr'><strong>la-</strong></span> 
     </span>
     <span class='ocr_line' id='line_1_5' title="bbox 1 833 1187 937; baseline 0 -27"><span class='ocrx_word' id='word_1_27' title='bbox 1 833 2 928; x_wconf 69' lang='lat'><em>]</em></span> <span class='ocrx_word' id='word_1_28' title='bbox 101 839 201 930; x_wconf 87' lang='lat' dir='ltr'><strong>tent,</strong></span> <span class='ocrx_word' id='word_1_29' title='bbox 234 839 302 908; x_wconf 86' lang='lat' dir='ltr'><strong>ita·</strong></span> <span class='ocrx_word' id='word_1_30' title='bbox 322 839 366 908; x_wconf 94' lang='lat' dir='ltr'><strong>ut</strong></span> <span class='ocrx_word' id='word_1_31' title='bbox 389 834 521 909; x_wconf 89' lang='lat' dir='ltr'><strong>barum</strong></span> <span class='ocrx_word' id='word_1_32' title='bbox 545 861 669 933; x_wconf 81' lang='lat' dir='ltr'><strong>genus</strong></span> <span class='ocrx_word' id='word_1_33' title='bbox 694 835 842 937; x_wconf 91' lang='lat' dir='ltr'><strong>quidem</strong></span> <span class='ocrx_word' id='word_1_34' title='bbox 867 863 992 912; x_wconf 89' lang='lat' dir='ltr'><strong>rerum</strong></span> <span class='ocrx_word' id='word_1_35' title='bbox 1016 835 1187 937; x_wconf 92' lang='lat' dir='ltr'><strong>publica-</strong></span> 
     </span>
     <span class='ocr_line' id='line_1_6' title="bbox 1 931 1186 1035; baseline 0.002 -29"><span class='ocrx_word' id='word_1_36' title='bbox 1 933 2 958; x_wconf 61' lang='lat'><em>*</em></span> <span class='ocrx_word' id='word_1_37' title='bbox 96 960 180 1007; x_wconf 91' lang='lat' dir='ltr'><strong>rum</strong></span> <span class='ocrx_word' id='word_1_38' title='bbox 206 937 383 1008; x_wconf 82' lang='lat' dir='ltr'><strong>universe</strong></span> <span class='ocrx_word' id='word_1_39' title='bbox 408 931 567 1008; x_wconf 85' lang='lat' dir='ltr'><strong>indicari</strong></span> <span class='ocrx_word' id='word_1_40' title='bbox 591 935 923 1035; x_wconf 88' lang='lat' dir='ltr'><strong>institutorumque</strong></span> <span class='ocrx_word' id='word_1_41' title='bbox 938 961 1057 1033; x_wconf 87' lang='lat' dir='ltr'><strong>parva</strong></span> <span class='ocrx_word' id='word_1_42' title='bbox 1072 959 1186 1035; x_wconf 91' lang='lat' dir='ltr'><strong>quae-</strong></span> 
     </span>
     <span class='ocr_line' id='line_1_7' title="bbox 100 1029 1188 1129; baseline 0.001 -26"><span class='ocrx_word' id='word_1_43' title='bbox 100 1029 183 1103; x_wconf 91' lang='lat' dir='ltr'><strong>dam</strong></span> <span class='ocrx_word' id='word_1_44' title='bbox 211 1034 427 1128; x_wconf 71' lang='lat' dir='ltr'><strong>specimine</strong></span> <span class='ocrx_word' id='word_1_45' title='bbox 442 1033 581 1129; x_wconf 89' lang='lat' dir='ltr'><strong>passim</strong></span> <span class='ocrx_word' id='word_1_46' title='bbox 603 1033 756 1129; x_wconf 80' lang='lat' dir='ltr'><strong>reperta</strong></span> <span class='ocrx_word' id='word_1_47' title='bbox 770 1035 947 1129; x_wconf 86' lang='lat' dir='ltr'><strong>proponi,</strong></span> <span class='ocrx_word' id='word_1_48' title='bbox 972 1057 1048 1104; x_wconf 94' lang='lat' dir='ltr'><strong>non</strong></span> <span class='ocrx_word' id='word_1_49' title='bbox 1062 1033 1188 1105; x_wconf 91' lang='lat' dir='ltr'><strong>autem</strong></span> 
     </span>
     <span class='ocr_line' id='line_1_8' title="bbox 98 1125 1186 1228; baseline 0.003 -28"><span class='ocrx_word' id='word_1_50' title='bbox 98 1128 250 1227; x_wconf 80' lang='lat' dir='ltr'><strong>plenior</strong></span> <span class='ocrx_word' id='word_1_51' title='bbox 275 1134 311 1200; x_wconf 83' lang='lat' dir='ltr'><strong>et</strong></span> <span class='ocrx_word' id='word_1_52' title='bbox 337 1131 444 1228; x_wconf 90' lang='lat' dir='ltr'><strong>quasi</strong></span> <span class='ocrx_word' id='word_1_53' title='bbox 470 1125 518 1199; x_wconf 87' lang='lat' dir='ltr'><strong>ad</strong></span> <span class='ocrx_word' id='word_1_54' title='bbox 544 1129 667 1202; x_wconf 81' lang='lat' dir='ltr'><strong>vivum</strong></span> <span class='ocrx_word' id='word_1_55' title='bbox 692 1153 876 1228; x_wconf 87' lang='lat' dir='ltr'><strong>expressa</strong></span> <span class='ocrx_word' id='word_1_56' title='bbox 890 1132 1018 1228; x_wconf 81' lang='lat' dir='ltr'><strong>imago</strong></span> <span class='ocrx_word' id='word_1_57' title='bbox 1031 1153 1186 1226; x_wconf 87' lang='lat' dir='ltr'><strong>reprae-</strong></span> 
     </span>
     <span class='ocr_line' id='line_1_9' title="bbox 97 1221 1188 1324; baseline 0 -26"><span class='ocrx_word' id='word_1_58' title='bbox 97 1228 240 1298; x_wconf 89' lang='lat' dir='ltr'><strong>sentari</strong></span> <span class='ocrx_word' id='word_1_59' title='bbox 258 1227 400 1324; x_wconf 90' lang='lat' dir='ltr'><strong>possit.</strong></span> <span class='ocrx_word' id='word_1_60' title='bbox 450 1225 558 1298; x_wconf 89' lang='lat' dir='ltr'><strong>llanc</strong></span> <span class='ocrx_word' id='word_1_61' title='bbox 589 1221 640 1298; x_wconf 91' lang='lat' dir='ltr'><strong>ob</strong></span> <span class='ocrx_word' id='word_1_62' title='bbox 667 1228 881 1299; x_wconf 89' lang='lat' dir='ltr'><strong>causam-in</strong></span> <span class='ocrx_word' id='word_1_63' title='bbox 905 1224 1188 1300; x_wconf 75' lang='lat' dir='ltr'><strong>Atheniensium</strong></span> 
     </span>
     <span class='ocr_line' id='line_1_10' title="bbox 96 1320 1187 1422; baseline 0 -28"><span class='ocrx_word' id='word_1_64' title='bbox 96 1325 303 1422; x_wconf 78' lang='lat' dir='ltr'><strong>praecipue</strong></span> <span class='ocrx_word' id='word_1_65' title='bbox 335 1325 374 1396; x_wconf 90' lang='lat' dir='ltr'><strong>et</strong></span> <span class='ocrx_word' id='word_1_66' title='bbox 404 1321 789 1396; x_wconf 83' lang='lat' dir='ltr'><strong>Lacedaemoniorum</strong></span> <span class='ocrx_word' id='word_1_67' title='bbox 820 1348 864 1398; x_wconf 89' lang='lat' dir='ltr'><strong>re</strong></span> <span class='ocrx_word' id='word_1_68' title='bbox 894 1320 1047 1421; x_wconf 86' lang='lat' dir='ltr'><strong>publica</strong></span> <span class='ocrx_word' id='word_1_69' title='bbox 1076 1347 1187 1396; x_wconf 88' lang='lat' dir='ltr'><strong>accu-</strong></span> 
     </span>
     <span class='ocr_line' id='line_1_11' title="bbox 97 1417 1188 1590; baseline 0.001 -99"><span class='ocrx_word' id='word_1_70' title='bbox 97 1423 220 1492; x_wconf 88' lang='lat' dir='ltr'><strong>ratius</strong></span> <span class='ocrx_word' id='word_1_71' title='bbox 246 1418 516 1518; x_wconf 81' lang='lat' dir='ltr'><strong>cognoscenda</strong></span> <span class='ocrx_word' id='word_1_72' title='bbox 541 1424 784 1590; x_wconf 78' lang='lat' dir='ltr'><strong>acqpiescere</strong></span> <span class='ocrx_word' id='word_1_73' title='bbox 815 1421 987 1519; x_wconf 80' lang='lat' dir='ltr'><strong>oportct3</strong></span> <span class='ocrx_word' id='word_1_74' title='bbox 1021 1419 1068 1495; x_wconf 92' lang='lat' dir='ltr'><strong>de</strong></span> <span class='ocrx_word' id='word_1_75' title='bbox 1100 1417 1188 1493; x_wconf 91' lang='lat' dir='ltr'><strong>reli-</strong></span> 
     </span>
    </p>
   </div>
   <div class='ocr_carea' id='block_1_3' title="bbox 1 1515 1328 1617">
    <p class='ocr_par' dir='ltr' id='par_1_3' title="bbox 1 1515 1328 1617">
     <span class='ocr_line' id='line_1_12' title="bbox 1 1515 1328 1617; baseline -0.009 -25"><span class='ocrx_word' id='word_1_76' title='bbox 1 1529 2 1556; x_wconf 67' lang='lat'><em>*</em></span> <span class='ocrx_word' id='word_1_77' title='bbox 99 1521 180 1617; x_wconf 86' lang='lat' dir='ltr'><strong>quis</strong></span> <span class='ocrx_word' id='word_1_78' title='bbox 207 1543 306 1616; x_wconf 92' lang='lat' dir='ltr'><strong>quae</strong></span> <span class='ocrx_word' id='word_1_79' title='bbox 332 1519 527 1615; x_wconf 80' lang='lat' dir='ltr'><strong>comperio</strong></span> <span class='ocrx_word' id='word_1_80' title='bbox 551 1543 601 1590; x_wconf 92' lang='lat' dir='ltr'><strong>no</strong></span> <span class='ocrx_word' id='word_1_81' title='bbox 631 1521 663 1590; x_wconf 90' lang='lat' dir='ltr'><strong>is</strong></span> <span class='ocrx_word' id='word_1_82' title='bbox 689 1519 728 1592; x_wconf 88' lang='lat' dir='ltr'><strong>et</strong></span> <span class='ocrx_word' id='word_1_83' title='bbox 752 1518 1046 1592; x_wconf 87' lang='lat' dir='ltr'><strong>commemoratu</strong></span> <span class='ocrx_word' id='word_1_84' title='bbox 1072 1515 1189 1615; x_wconf 80' lang='lat' dir='ltr'><strong>digna</strong></span> <span class='ocrx_word' id='word_1_85' title='bbox 1321 1571 1328 1580; x_wconf 94' lang='lat'><strong>.</strong></span> 
     </span>
    </p>
   </div>
   <div class='ocr_carea' id='block_1_4' title="bbox 1 1611 1284 2976">
    <p class='ocr_par' dir='ltr' id='par_1_4' title="bbox 1 1611 1284 2976">
     <span class='ocr_line' id='line_1_13' title="bbox 98 1611 1188 1712; baseline 0 -26"><span class='ocrx_word' id='word_1_86' title='bbox 98 1619 186 1686; x_wconf 73' lang='lat' dir='ltr'><strong>siant</strong></span> <span class='ocrx_word' id='word_1_87' title='bbox 219 1615 411 1711; x_wconf 74' lang='lat' dir='ltr'><strong>aptissime</strong></span> <span class='ocrx_word' id='word_1_88' title='bbox 441 1612 494 1686; x_wconf 92' lang='lat' dir='ltr'><strong>ibi</strong></span> <span class='ocrx_word' id='word_1_89' title='bbox 528 1611 825 1712; x_wconf 77' lang='lat' dir='ltr'><strong>significabimus</strong></span> <span class='ocrx_word' id='word_1_90' title='bbox 858 1612 923 1688; x_wconf 92' lang='lat' dir='ltr'><strong>ubi</strong></span> <span class='ocrx_word' id='word_1_91' title='bbox 947 1612 995 1687; x_wconf 92' lang='lat' dir='ltr'><strong>de</strong></span> <span class='ocrx_word' id='word_1_92' title='bbox 1022 1615 1188 1688; x_wconf 79' lang='lat' dir='ltr'><strong>Graeca·</strong></span> 
     </span>
     <span class='ocr_line' id='line_1_14' title="bbox 97 1708 1224 1809; baseline -0.002 -25"><span class='ocrx_word' id='word_1_93' title='bbox 97 1737 179 1784; x_wconf 90' lang='lat' dir='ltr'><strong>rum</strong></span> <span class='ocrx_word' id='word_1_94' title='bbox 206 1708 593 1809; x_wconf 88' lang='lat' dir='ltr'><strong>rerumpublicarum</strong></span> <span class='ocrx_word' id='word_1_95' title='bbox 618 1710 750 1784; x_wconf 80' lang='lat' dir='ltr'><strong>formis</strong></span> <span class='ocrx_word' id='word_1_96' title='bbox 784 1721 820 1786; x_wconf 80' lang='lat' dir='ltr'><strong>ol</strong></span> <span class='ocrx_word' id='word_1_97' title='bbox 851 1709 1119 1785; x_wconf 81' lang='lat' dir='ltr'><strong>mutationibus</strong></span> <span class='ocrx_word' id='word_1_98' title='bbox 1149 1713 1224 1806; x_wconf 37' lang='lat' dir='ltr'><strong>in·</strong></span> 
     </span>
     <span class='ocr_line' id='line_1_15' title="bbox 97 1805 1232 1909; baseline 0 -29"><span class='ocrx_word' id='word_1_99' title='bbox 97 1813 317 1882; x_wconf 89' lang='lat' dir='ltr'><strong>universum</strong></span> <span class='ocrx_word' id='word_1_100' title='bbox 344 1812 522 1882; x_wconf 83' lang='lat' dir='ltr'><strong>dicemus.</strong></span> <span class='ocrx_word' id='word_1_101' title='bbox 562 1810 739 1881; x_wconf 83' lang='lat' dir='ltr'><strong>Ceterum</strong></span> <span class='ocrx_word' id='word_1_102' title='bbox 767 1834 878 1909; x_wconf 91' lang='lat' dir='ltr'><strong>quum</strong></span> <span class='ocrx_word' id='word_1_103' title='bbox 904 1807 1100 1906; x_wconf 80' lang='lat' dir='ltr'><strong>multiplex</strong></span> <span class='ocrx_word' id='word_1_104' title='bbox 1124 1805 1189 1880; x_wconf 90' lang='lat' dir='ltr'><strong>illa</strong></span> <span class='ocrx_word' id='word_1_105' title='bbox 1226 1808 1232 1820; x_wconf 82' lang='lat'><em>&#39;</em></span> 
     </span>
     <span class='ocr_line' id='line_1_16' title="bbox 97 1902 1189 2004; baseline -0.002 -26"><span class='ocrx_word' id='word_1_106' title='bbox 97 1907 271 1978; x_wconf 82' lang='lat' dir='ltr'><strong>Graecae</strong></span> <span class='ocrx_word' id='word_1_107' title='bbox 331 1907 427 1978; x_wconf 87' lang='lat' dir='ltr'><strong>entis</strong></span> <span class='ocrx_word' id='word_1_108' title='bbox 462 1908 502 1976; x_wconf 91' lang='lat' dir='ltr'><strong>in</strong></span> <span class='ocrx_word' id='word_1_109' title='bbox 532 1927 671 2002; x_wconf 83' lang='lat' dir='ltr'><strong>parvas</strong></span> <span class='ocrx_word' id='word_1_110' title='bbox 703 1930 841 2004; x_wconf 90' lang='lat' dir='ltr'><strong>easque</strong></span> <span class='ocrx_word' id='word_1_111' title='bbox 868 1902 1066 1978; x_wconf 85' lang='lat' dir='ltr'><strong>admodum</strong></span> <span class='ocrx_word' id='word_1_112' title='bbox 1091 1907 1189 1978; x_wconf 87' lang='lat' dir='ltr'><strong>inter</strong></span> 
     </span>
     <span class='ocr_line' id='line_1_17' title="bbox 97 1929 1190 2099; baseline -0.002 -23"><span class='ocrx_word' id='word_1_113' title='bbox 97 2030 138 2076; x_wconf 88' lang='lat' dir='ltr'><strong>sc</strong></span> <span class='ocrx_word' id='word_1_114' title='bbox 169 1929 367 2078; x_wconf 74' lang='lat' dir='ltr'><strong>dissimdes</strong></span> <span class='ocrx_word' id='word_1_115' title='bbox 393 2001 566 2074; x_wconf 82' lang='lat' dir='ltr'><strong>civitates</strong></span> <span class='ocrx_word' id='word_1_116' title='bbox 593 2000 727 2074; x_wconf 78' lang='lat' dir='ltr'><strong>divisio</strong></span> <span class='ocrx_word' id='word_1_117' title='bbox 752 2003 953 2073; x_wconf 85' lang='lat' dir='ltr'><strong>maximam</strong></span> <span class='ocrx_word' id='word_1_118' title='bbox 977 2005 1126 2099; x_wconf 85' lang='lat' dir='ltr'><strong>partem</strong></span> <span class='ocrx_word' id='word_1_119' title='bbox 1151 2001 1190 2074; x_wconf 87' lang='lat' dir='ltr'><strong>el</strong></span> 
     </span>
     <span class='ocr_line' id='line_1_18' title="bbox 1 2097 1188 2199; baseline 0 -27"><span class='ocrx_word' id='word_1_120' title='bbox 1 2159 2 2192; x_wconf 37' lang='lat' dir='ltr'><strong>p</strong></span> <span class='ocrx_word' id='word_1_121' title='bbox 99 2103 277 2175; x_wconf 84' lang='lat' dir='ltr'><strong>eterrae</strong></span> <span class='ocrx_word' id='word_1_122' title='bbox 303 2097 450 2199; x_wconf 89' lang='lat' dir='ltr'><strong>solique</strong></span> <span class='ocrx_word' id='word_1_123' title='bbox 475 2101 612 2172; x_wconf 89' lang='lat' dir='ltr'><strong>natura</strong></span> <span class='ocrx_word' id='word_1_124' title='bbox 639 2100 678 2172; x_wconf 89' lang='lat' dir='ltr'><strong>et</strong></span> <span class='ocrx_word' id='word_1_125' title='bbox 702 2125 725 2170; x_wconf 86' lang='lat' dir='ltr'><strong>a</strong></span> <span class='ocrx_word' id='word_1_126' title='bbox 751 2101 881 2196; x_wconf 89' lang='lat' dir='ltr'><strong>stirpis</strong></span> <span class='ocrx_word' id='word_1_127' title='bbox 911 2098 1095 2171; x_wconf 83' lang='lat' dir='ltr'><strong>varietate</strong></span> <span class='ocrx_word' id='word_1_128' title='bbox 1127 2121 1188 2172; x_wconf 90' lang='lat' dir='ltr'><strong>re·</strong></span> 
     </span>
     <span class='ocr_line' id='line_1_19' title="bbox 1 2193 1284 2295; baseline -0.004 -25"><span class='ocrx_word' id='word_1_129' title='bbox 1 2197 2 2286; x_wconf 67' lang='lat' dir='ltr'><strong>l</strong></span> <span class='ocrx_word' id='word_1_130' title='bbox 97 2195 264 2295; x_wconf 85' lang='lat' dir='ltr'><strong>petenda</strong></span> <span class='ocrx_word' id='word_1_131' title='bbox 289 2199 349 2290; x_wconf 85' lang='lat' dir='ltr'><strong>sit,</strong></span> <span class='ocrx_word' id='word_1_132' title='bbox 376 2198 464 2269; x_wconf 87' lang='lat' dir='ltr'><strong>ante</strong></span> <span class='ocrx_word' id='word_1_133' title='bbox 489 2200 614 2269; x_wconf 89' lang='lat' dir='ltr'><strong>omnia</strong></span> <span class='ocrx_word' id='word_1_134' title='bbox 640 2193 687 2269; x_wconf 91' lang='lat' dir='ltr'><strong>de</strong></span> <span class='ocrx_word' id='word_1_135' title='bbox 707 2193 1064 2295; x_wconf 89' lang='lat' dir='ltr'><strong>bisquoquepauca</strong></span> <span class='ocrx_word' id='word_1_136' title='bbox 1079 2194 1191 2268; x_wconf 75' lang='lat' dir='ltr'><strong>errent</strong></span> <span class='ocrx_word' id='word_1_137' title='bbox 1280 2201 1284 2206; x_wconf 84' lang='grc'><strong>’</strong></span> 
     </span>
     <span class='ocr_line' id='line_1_20' title="bbox 97 2292 1190 2466; baseline -0.002 -4"><span class='ocrx_word' id='word_1_138' title='bbox 97 2292 716 2466; x_wconf 59' lang='lat' dir='ltr'><strong>libili..illiniti?</strong></span> <span class='ocrx_word' id='word_1_139' title='bbox 749 2294 883 2462; x_wconf 73' lang='lat' dir='ltr'><strong>&#39;llll</strong></span> <span class='ocrx_word' id='word_1_140' title='bbox 905 2293 1190 2462; x_wconf 52' lang='lat' dir='ltr'><strong>&amp;illidit</strong></span> 
     </span>
     <span class='ocr_line' id='line_1_21' title="bbox 101 2418 1188 2588; baseline -0.003 -28.253"><span class='ocrx_word' id='word_1_141' title='bbox 101 2418 359 2588; x_wconf 81' lang='lat' dir='ltr'><strong>nragnitudine</strong></span> <span class='ocrx_word' id='word_1_142' title='bbox 386 2489 425 2561; x_wconf 92' lang='lat' dir='ltr'><strong>et</strong></span> <span class='ocrx_word' id='word_1_143' title='bbox 449 2486 645 2564; x_wconf 88' lang='lat' dir='ltr'><strong>divisione.</strong></span> <span class='ocrx_word' id='word_1_144' title='bbox 696 2487 745 2562; x_wconf 92' lang='lat' dir='ltr'><strong>ll.</strong></span> <span class='ocrx_word' id='word_1_145' title='bbox 775 2489 832 2560; x_wconf 91' lang='lat' dir='ltr'><strong>l)e</strong></span> <span class='ocrx_word' id='word_1_146' title='bbox 859 2488 1092 2559; x_wconf 80' lang='lat' dir='ltr'><strong>Graecorum</strong></span> <span class='ocrx_word' id='word_1_147' title='bbox 1117 2475 1188 2584; x_wconf 90' lang='lat' dir='ltr'><strong>po·</strong></span> 
     </span>
     <span class='ocr_line' id='line_1_22' title="bbox 125 2582 1188 2683; baseline -0.003 -25.418"><span class='ocrx_word' id='word_1_148' title='bbox 125 2587 274 2658; x_wconf 83' lang='lat' dir='ltr'><strong>olorum</strong></span> <span class='ocrx_word' id='word_1_149' title='bbox 301 2582 493 2683; x_wconf 87' lang='lat' dir='ltr'><strong>stirpibus.</strong></span> <span class='ocrx_word' id='word_1_150' title='bbox 531 2583 1188 2679; x_wconf 83' lang='lat' dir='ltr'><strong>lll.1leGraecarumrerumpu·</strong></span> 
     </span>
     <span class='ocr_line' id='line_1_23' title="bbox 1 2614 1187 2782; baseline -0.007 -24"><span class='ocrx_word' id='word_1_151' title='bbox 1 2753 2 2766; x_wconf 69' lang='grc'>,</span> <span class='ocrx_word' id='word_1_152' title='bbox 98 2614 282 2758; x_wconf 81' lang='lat' dir='ltr'><strong>blicarum</strong></span> <span class='ocrx_word' id='word_1_153' title='bbox 308 2679 440 2756; x_wconf 82' lang='lat' dir='ltr'><strong>formis</strong></span> <span class='ocrx_word' id='word_1_154' title='bbox 466 2707 668 2782; x_wconf 91' lang='lat' dir='ltr'><strong>earumque</strong></span> <span class='ocrx_word' id='word_1_155' title='bbox 692 2677 962 2756; x_wconf 88' lang='lat' dir='ltr'><strong>mutationibus</strong></span> <span class='ocrx_word' id='word_1_156' title='bbox 982 2683 1021 2752; x_wconf 93' lang='lat' dir='ltr'><strong>in</strong></span> <span class='ocrx_word' id='word_1_157' title='bbox 1037 2682 1187 2752; x_wconf 84' lang='lat' dir='ltr'><strong>urrirer·</strong></span> 
     </span>
     <span class='ocr_line' id='line_1_24' title="bbox 1 2776 1183 2876; baseline -0.005 -22"><span class='ocrx_word' id='word_1_158' title='bbox 1 2839 2 2862; x_wconf 62' lang='grc'>,</span> <span class='ocrx_word' id='word_1_159' title='bbox 101 2807 195 2854; x_wconf 91' lang='lat' dir='ltr'><strong>sum.</strong></span> <span class='ocrx_word' id='word_1_160' title='bbox 266 2781 332 2852; x_wconf 88' lang='lat' dir='ltr'><strong>lv.</strong></span> <span class='ocrx_word' id='word_1_161' title='bbox 368 2781 426 2852; x_wconf 84' lang='lat' dir='ltr'><strong>lle</strong></span> <span class='ocrx_word' id='word_1_162' title='bbox 464 2805 507 2852; x_wconf 90' lang='lat' dir='ltr'><strong>re</strong></span> <span class='ocrx_word' id='word_1_163' title='bbox 544 2777 696 2876; x_wconf 84' lang='lat' dir='ltr'><strong>publica</strong></span> <span class='ocrx_word' id='word_1_164' title='bbox 734 2776 1120 2850; x_wconf 84' lang='lat' dir='ltr'><strong>Lacedaemoniorum</strong></span> <span class='ocrx_word' id='word_1_165' title='bbox 1137 2777 1183 2870; x_wconf 86' lang='lat'><strong>¹).</strong></span> 
     </span>
     <span class='ocr_line' id='line_1_25' title="bbox 1 2871 1186 2976; baseline -0.008 -23"><span class='ocrx_word' id='word_1_166' title='bbox 1 2871 2 2879; x_wconf 9' lang='grc' dir='ltr'>ἵ</span> <span class='ocrx_word' id='word_1_167' title='bbox 101 2883 145 2952; x_wconf 81' lang='lat' dir='ltr'><strong>V.</strong></span> <span class='ocrx_word' id='word_1_168' title='bbox 174 2880 235 2952; x_wconf 87' lang='lat' dir='ltr'><strong>De</strong></span> <span class='ocrx_word' id='word_1_169' title='bbox 261 2875 479 2976; x_wconf 90' lang='lat' dir='ltr'><strong>republica</strong></span> <span class='ocrx_word' id='word_1_170' title='bbox 503 2875 800 2950; x_wconf 81' lang='lat' dir='ltr'><strong>Atheniensium.</strong></span> <span class='ocrx_word' id='word_1_171' title='bbox 842 2877 908 2948; x_wconf 87' lang='lat' dir='ltr'><strong>Vl.</strong></span> <span class='ocrx_word' id='word_1_172' title='bbox 936 2875 995 2946; x_wconf 85' lang='lat' dir='ltr'><strong>lle</strong></span> <span class='ocrx_word' id='word_1_173' title='bbox 1021 2898 1186 2945; x_wconf 86' lang='lat' dir='ltr'><strong>commu·</strong></span> 
     </span>
    </p>
   </div>
   <div class='ocr_carea' id='block_1_5' title="bbox 100 2967 1185 3071">
    <p class='ocr_par' dir='ltr' id='par_1_5' title="bbox 100 2967 1185 3071">
     <span class='ocr_line' id='line_1_26' title="bbox 100 2967 1185 3071; baseline -0.007 -21"><span class='ocrx_word' id='word_1_174' title='bbox 100 2974 214 3050; x_wconf 91' lang='lat' dir='ltr'><strong>nibus</strong></span> <span class='ocrx_word' id='word_1_175' title='bbox 230 2975 463 3050; x_wconf 82' lang='lat' dir='ltr'><strong>Graecorum</strong></span> <span class='ocrx_word' id='word_1_176' title='bbox 488 2973 644 3071; x_wconf 84' lang='lat' dir='ltr'><strong>iuribus,</strong></span> <span class='ocrx_word' id='word_1_177' title='bbox 670 2969 929 3067; x_wconf 81' lang='lat' dir='ltr'><strong>societatibus,</strong></span> <span class='ocrx_word' id='word_1_178' title='bbox 954 2967 1185 3045; x_wconf 81' lang='lat' dir='ltr'><strong>foederibus.</strong></span> 
     </span>
    </p>
   </div>
   <div class='ocr_carea' id='block_1_6' title="bbox 586 3183 709 3272">
    <p class='ocr_par' dir='ltr' id='par_1_6' title="bbox 586 3183 709 3272">
     <span class='ocr_line' id='line_1_27' title="bbox 586 3183 709 3272; baseline 0.016 -18"><span class='ocrx_word' id='word_1_179' title='bbox 586 3183 626 3272; x_wconf 62' lang='lat' dir='ltr'><strong>§j</strong></span> <span class='ocrx_word' id='word_1_180' title='bbox 644 3183 709 3256; x_wconf 81' lang='lat' dir='ltr'><strong>lv,</strong></span> 
     </span>
    </p>
   </div>
   <div class='ocr_carea' id='block_1_7' title="bbox 8 3309 1189 4191">
    <p class='ocr_par' dir='ltr' id='par_1_7' title="bbox 8 3309 1189 4191">
     <span class='ocr_line' id='line_1_28' title="bbox 197 3309 1185 3412; baseline -0.007 -24"><span class='ocrx_word' id='word_1_181' title='bbox 197 3316 343 3388; x_wconf 84' lang='lat' dir='ltr'><strong>Fontes</strong></span> <span class='ocrx_word' id='word_1_182' title='bbox 368 3318 505 3406; x_wconf 86' lang='lat' dir='ltr'><strong>autem,</strong></span> <span class='ocrx_word' id='word_1_183' title='bbox 532 3339 581 3386; x_wconf 82' lang='lat' dir='ltr'><strong>ex</strong></span> <span class='ocrx_word' id='word_1_184' title='bbox 608 3311 742 3412; x_wconf 90' lang='lat' dir='ltr'><strong>quibus</strong></span> <span class='ocrx_word' id='word_1_185' title='bbox 763 3309 893 3384; x_wconf 88' lang='lat' dir='ltr'><strong>borum</strong></span> <span class='ocrx_word' id='word_1_186' title='bbox 910 3334 1036 3406; x_wconf 73' lang='lat' dir='ltr'><strong>rerum</strong></span> <span class='ocrx_word' id='word_1_187' title='bbox 1053 3312 1185 3407; x_wconf 83' lang='lat' dir='ltr'><strong>cogni·</strong></span> 
     </span>
     <span class='ocr_line' id='line_1_29' title="bbox 106 3407 1186 3512; baseline -0.007 -26"><span class='ocrx_word' id='word_1_188' title='bbox 106 3417 159 3487; x_wconf 87' lang='lat' dir='ltr'><strong>tio</strong></span> <span class='ocrx_word' id='word_1_189' title='bbox 185 3411 351 3512; x_wconf 86' lang='lat' dir='ltr'><strong>peteuda</strong></span> <span class='ocrx_word' id='word_1_190' title='bbox 377 3413 439 3502; x_wconf 89' lang='lat' dir='ltr'><strong>sit,</strong></span> <span class='ocrx_word' id='word_1_191' title='bbox 466 3415 555 3483; x_wconf 89' lang='lat' dir='ltr'><strong>sunt</strong></span> <span class='ocrx_word' id='word_1_192' title='bbox 580 3408 727 3509; x_wconf 91' lang='lat' dir='ltr'><strong>quidem</strong></span> <span class='ocrx_word' id='word_1_193' title='bbox 753 3407 933 3508; x_wconf 90' lang='lat' dir='ltr'><strong>pleraque</strong></span> <span class='ocrx_word' id='word_1_194' title='bbox 960 3432 1056 3509; x_wconf 88' lang='lat' dir='ltr'><strong>quae</strong></span> <span class='ocrx_word' id='word_1_195' title='bbox 1082 3409 1186 3479; x_wconf 89' lang='lat' dir='ltr'><strong>acta-</strong></span> 
     </span>
     <span class='ocr_line' id='line_1_30' title="bbox 105 3504 1187 3602; baseline -0.006 -19"><span class='ocrx_word' id='word_1_196' title='bbox 105 3521 175 3583; x_wconf 86' lang='lat' dir='ltr'><strong>tem</strong></span> <span class='ocrx_word' id='word_1_197' title='bbox 203 3507 369 3602; x_wconf 74' lang='lat' dir='ltr'><strong>tulerunt</strong></span> <span class='ocrx_word' id='word_1_198' title='bbox 395 3509 565 3582; x_wconf 83' lang='lat' dir='ltr'><strong>Graecae</strong></span> <span class='ocrx_word' id='word_1_199' title='bbox 591 3533 636 3580; x_wconf 91' lang='lat' dir='ltr'><strong>ac</strong></span> <span class='ocrx_word' id='word_1_200' title='bbox 669 3504 822 3580; x_wconf 91' lang='lat' dir='ltr'><strong>nonulla</strong></span> <span class='ocrx_word' id='word_1_201' title='bbox 855 3509 965 3579; x_wconf 89' lang='lat' dir='ltr'><strong>ctiam</strong></span> <span class='ocrx_word' id='word_1_202' title='bbox 992 3507 1187 3579; x_wconf 82' lang='lat' dir='ltr'><strong>Romanae</strong></span> 
     </span>
     <span class='ocr_line' id='line_1_31' title="bbox 107 3600 1187 3708; baseline -0.011 -27"><span class='ocrx_word' id='word_1_203' title='bbox 107 3609 341 3708; x_wconf 89' lang='lat' dir='ltr'><strong>antiquitatis</strong></span> <span class='ocrx_word' id='word_1_204' title='bbox 361 3606 619 3686; x_wconf 88' lang='lat' dir='ltr'><strong>monumenta:</strong></span> <span class='ocrx_word' id='word_1_205' title='bbox 646 3632 720 3678; x_wconf 92' lang='lat' dir='ltr'><strong>non</strong></span> <span class='ocrx_word' id='word_1_206' title='bbox 744 3607 866 3676; x_wconf 88' lang='lat' dir='ltr'><strong>tamen</strong></span> <span class='ocrx_word' id='word_1_207' title='bbox 881 3600 1047 3676; x_wconf 89' lang='lat' dir='ltr'><strong>eiusdem</strong></span> <span class='ocrx_word' id='word_1_208' title='bbox 1061 3602 1187 3672; x_wconf 91' lang='lat' dir='ltr'><strong>omnia</strong></span> 
     </span>
     <span class='ocr_line' id='line_1_32' title="bbox 108 3694 1187 3802; baseline -0.011 -25"><span class='ocrx_word' id='word_1_209' title='bbox 108 3709 194 3777; x_wconf 87' lang='lat' dir='ltr'><strong>sunt</strong></span> <span class='ocrx_word' id='word_1_210' title='bbox 218 3707 329 3802; x_wconf 86' lang='lat' dir='ltr'><strong>pretii</strong></span> <span class='ocrx_word' id='word_1_211' title='bbox 355 3706 421 3774; x_wconf 91' lang='lat' dir='ltr'><strong>aut</strong></span> <span class='ocrx_word' id='word_1_212' title='bbox 442 3701 641 3780; x_wconf 85' lang='lat' dir='ltr'><strong>ubertatis.</strong></span> <span class='ocrx_word' id='word_1_213' title='bbox 676 3704 772 3776; x_wconf 88' lang='lat' dir='ltr'><strong>Nam</strong></span> <span class='ocrx_word' id='word_1_214' title='bbox 796 3703 954 3799; x_wconf 93' lang='lat' dir='ltr'><strong>primum</strong></span> <span class='ocrx_word' id='word_1_215' title='bbox 982 3723 1093 3798; x_wconf 93' lang='lat' dir='ltr'><strong>quum</strong></span> <span class='ocrx_word' id='word_1_216' title='bbox 1119 3694 1187 3766; x_wconf 91' lang='lat' dir='ltr'><strong>du·</strong></span> 
     </span>
     <span class='ocr_line' id='line_1_33' title="bbox 107 3792 1187 3898; baseline -0.01 -23"><span class='ocrx_word' id='word_1_217' title='bbox 107 3801 196 3898; x_wconf 84' lang='lat' dir='ltr'><strong>plex</strong></span> <span class='ocrx_word' id='word_1_218' title='bbox 233 3805 283 3874; x_wconf 87' lang='lat' dir='ltr'><strong>sit</strong></span> <span class='ocrx_word' id='word_1_219' title='bbox 321 3803 642 3873; x_wconf 89' lang='lat' dir='ltr'><strong>monumentorum</strong></span> <span class='ocrx_word' id='word_1_220' title='bbox 680 3824 823 3896; x_wconf 82' lang='lat' dir='ltr'><strong>genus,</strong></span> <span class='ocrx_word' id='word_1_221' title='bbox 859 3795 1110 3870; x_wconf 88' lang='lat' dir='ltr'><strong>litteratorum</strong></span> <span class='ocrx_word' id='word_1_222' title='bbox 1149 3792 1187 3864; x_wconf 92' lang='lat' dir='ltr'><strong>et</strong></span> 
     </span>
     <span class='ocr_line' id='line_1_34' title="bbox 109 3895 1186 3996; baseline -0.009 -26"><span class='ocrx_word' id='word_1_223' title='bbox 109 3923 180 3970; x_wconf 91' lang='lat' dir='ltr'><strong>non</strong></span> <span class='ocrx_word' id='word_1_224' title='bbox 208 3898 472 3988; x_wconf 79' lang='lat' dir='ltr'><strong>litteratorum,</strong></span> <span class='ocrx_word' id='word_1_225' title='bbox 499 3895 570 3968; x_wconf 88' lang='lat' dir='ltr'><strong>boc</strong></span> <span class='ocrx_word' id='word_1_226' title='bbox 594 3900 798 3996; x_wconf 87' lang='lat' dir='ltr'><strong>posterius,</strong></span> <span class='ocrx_word' id='word_1_227' title='bbox 822 3897 862 3966; x_wconf 91' lang='lat' dir='ltr'><strong>in</strong></span> <span class='ocrx_word' id='word_1_228' title='bbox 888 3919 962 3992; x_wconf 91' lang='lat' dir='ltr'><strong>quo</strong></span> <span class='ocrx_word' id='word_1_229' title='bbox 990 3898 1078 3962; x_wconf 87' lang='lat' dir='ltr'><strong>sunt</strong></span> <span class='ocrx_word' id='word_1_230' title='bbox 1103 3917 1137 3970; x_wconf 79' lang='lat' dir='ltr'><strong>v.</strong></span> <span class='ocrx_word' id='word_1_231' title='bbox 1153 3915 1186 3961; x_wconf 93' lang='lat' dir='ltr'><strong>c.</strong></span> 
     </span>
     <span class='ocr_line' id='line_1_35' title="bbox 109 3991 1189 4094; baseline -0.01 -26"><span class='ocrx_word' id='word_1_232' title='bbox 109 3995 360 4068; x_wconf 82' lang='lat' dir='ltr'><strong>aedificiorum</strong></span> <span class='ocrx_word' id='word_1_233' title='bbox 406 3997 642 4094; x_wconf 83' lang='lat' dir='ltr'><strong>antiquorum</strong></span> <span class='ocrx_word' id='word_1_234' title='bbox 686 3992 867 4092; x_wconf 85' lang='lat' dir='ltr'><strong>reliquiae</strong></span> <span class='ocrx_word' id='word_1_235' title='bbox 902 3991 1112 4089; x_wconf 87' lang='lat' dir='ltr'><strong>artiumque</strong></span> <span class='ocrx_word' id='word_1_236' title='bbox 1151 3991 1189 4058; x_wconf 89' lang='lat' dir='ltr'><strong>et</strong></span> 
     </span>
     <span class='ocr_line' id='line_1_36' title="bbox 8 4083 1188 4191; baseline -0.007 -26"><span class='ocrx_word' id='word_1_237' title='bbox 8 4099 27 4130; x_wconf 89' lang='grc'><strong>’·</strong></span> <span class='ocrx_word' id='word_1_238' title='bbox 110 4093 341 4191; x_wconf 84' lang='lat' dir='ltr'><strong>opificiorum</strong></span> <span class='ocrx_word' id='word_1_239' title='bbox 368 4100 498 4190; x_wconf 85' lang='lat' dir='ltr'><strong>opera,</strong></span> <span class='ocrx_word' id='word_1_240' title='bbox 524 4095 678 4164; x_wconf 90' lang='lat' dir='ltr'><strong>minoris</strong></span> <span class='ocrx_word' id='word_1_241' title='bbox 704 4093 763 4164; x_wconf 85' lang='lat' dir='ltr'><strong>est</strong></span> <span class='ocrx_word' id='word_1_242' title='bbox 787 4085 835 4160; x_wconf 87' lang='lat' dir='ltr'><strong>ad</strong></span> <span class='ocrx_word' id='word_1_243' title='bbox 852 4093 1023 4160; x_wconf 90' lang='lat' dir='ltr'><strong>nostrum</strong></span> <span class='ocrx_word' id='word_1_244' title='bbox 1040 4083 1188 4186; x_wconf 93' lang='lat' dir='ltr'><strong>quidem</strong></span> 
     </span>
    </p>
   </div>
   <div class='ocr_carea' id='block_1_8' title="bbox 111 4235 304 4250">
    <p class='ocr_par' dir='ltr' id='par_1_8' title="bbox 111 4235 304 4250">
     <span class='ocr_line' id='line_1_37' title="bbox 111 4235 304 4250; baseline 0 0"><span class='ocrx_word' id='word_1_245' title='bbox 111 4235 304 4250; x_wconf 48' lang='lat' dir='ltr'><strong>...ou-M</strong></span> 
     </span>
    </p>
   </div>
   <div class='ocr_carea' id='block_1_9' title="bbox 112 4292 1187 4445">
    <p class='ocr_par' dir='ltr' id='par_1_9' title="bbox 112 4292 1187 4445">
     <span class='ocr_line' id='line_1_38' title="bbox 177 4292 1187 4372; baseline -0.009 -20"><span class='ocrx_word' id='word_1_246' title='bbox 177 4301 205 4357; x_wconf 86' lang='lat' dir='ltr'><strong>ll</strong></span> <span class='ocrx_word' id='word_1_247' title='bbox 223 4303 300 4354; x_wconf 84' lang='lat' dir='ltr'><strong>Huic</strong></span> <span class='ocrx_word' id='word_1_248' title='bbox 320 4303 394 4372; x_wconf 82' lang='lat' dir='ltr'><strong>parti</strong></span> <span class='ocrx_word' id='word_1_249' title='bbox 417 4299 565 4352; x_wconf 86' lang='lat' dir='ltr'><strong>commode</strong></span> <span class='ocrx_word' id='word_1_250' title='bbox 588 4297 776 4365; x_wconf 72' lang='lat' dir='ltr'><strong>adiungemus</strong></span> <span class='ocrx_word' id='word_1_251' title='bbox 799 4292 926 4365; x_wconf 83' lang='lat' dir='ltr'><strong>quaeda</strong></span> <span class='ocrx_word' id='word_1_252' title='bbox 946 4295 1126 4348; x_wconf 80' lang='lat' dir='ltr'><strong>Cretensium</strong></span> <span class='ocrx_word' id='word_1_253' title='bbox 1144 4293 1187 4344; x_wconf 92' lang='lat' dir='ltr'><strong>in·</strong></span> 
     </span>
     <span class='ocr_line' id='line_1_39' title="bbox 112 4365 935 4445; baseline -0.002 -23"><span class='ocrx_word' id='word_1_254' title='bbox 112 4374 212 4426; x_wconf 81' lang='lat' dir='ltr'><strong>stilulis</strong></span> <span class='ocrx_word' id='word_1_255' title='bbox 230 4375 439 4445; x_wconf 84' lang='lat' dir='ltr'><strong>Spartanorum</strong></span> <span class='ocrx_word' id='word_1_256' title='bbox 458 4371 608 4426; x_wconf 87' lang='lat' dir='ltr'><strong>simillimis</strong></span> <span class='ocrx_word' id='word_1_257' title='bbox 627 4375 769 4441; x_wconf 78' lang='lat' dir='ltr'><strong>comperta</strong></span> <span class='ocrx_word' id='word_1_258' title='bbox 787 4365 935 4420; x_wconf 82' lang='lat' dir='ltr'><strong>babemus.</strong></span> 
     </span>
    </p>
   </div>
   <div class='ocr_carea' id='block_1_10' title="bbox 0 0 1424 5084">
    <p class='ocr_par' dir='ltr' id='par_1_10' title="bbox 0 0 1424 5084">
     <span class='ocr_line' id='line_1_40' title="bbox 0 0 1424 5084; baseline 0 1"><span class='ocrx_word' id='word_1_259' title='bbox 0 0 1424 5084; x_wconf 95' lang='lat' dir='ltr'><strong> </strong></span> 
     </span>
    </p>
   </div>
  </div>
 </body>
</html>
