2814 5080
273 349 315 438 o.
339 349 400 431 ue
424 347 628 450 mopiam
646 299 817 448 partu.
896 338 900 342 ·
990 347 992 350 ·
1042 347 1116 428 an

42 533 106 608 alia
136 557 268 607 rursus
298 555 374 606 non
406 533 589 631 pauciora
619 527 668 605 ad
693 527 867 608 alendum
892 528 1138 606 acuendum·v

42 635 162 732 quein
188 631 377 722 bominum
402 631 535 702 animis
562 625 692 704 decori
712 627 941 728 bonestique
966 653 1119 708 sensum

41 733 73 804 et
102 753 265 803 amorem
297 729 454 826 egregie
487 727 719 824 comparata.
783 727 826 798 ln
869 724 926 799 bis
956 732 1118 826 primum

39 830 121 900 artis
145 851 263 924 opera
287 849 536 918 numeramus,
597 848 811 902 cromnam
835 820 967 898 urbem
993 831 1029 897 in
1056 850 1119 898 sa·
1194 901 1198 908 ,

41 927 106 996 oris
146 921 380 1023 publicisque
417 921 513 998 loeis
542 849 701 1021 plurima
733 925 772 995 et
803 920 1055 1019 pulcherrima
1070 922 1117 1017 ¹),

39 1046 187 1121 quornm
225 1019 447 1122 quotidiano
494 1017 676 1117 adspectu
716 1017 800 1092 lieri
830 1018 1007 1119 prolecto
1040 1046 1119 1098 nou

37 1123 197 1216 poterat,
239 1122 327 1219 quin
360 1115 452 1192 illud
483 1120 624 1214 ipsum,
671 1142 747 1217 quo
780 1114 929 1190 illorum
962 1143 1119 1216 operum

37 1214 240 1314 pulcritudo
272 1219 437 1305 constat,
478 1217 590 1288 otiam
622 1217 660 1288 in
686 1221 831 1288 mentes
855 1213 1048 1313 paullatim
1076 1241 1118 1290 se

34 1315 250 1404 insinuaret,
287 1317 326 1387 et
356 1316 451 1388 recti
484 1312 628 1386 ordinis
668 1311 864 1412 modique,
906 1311 1119 1412 elegantiae

36 1436 74 1483 ac
102 1409 298 1510 dignitatis
331 1435 502 1484 normam
535 1418 648 1510 atque
679 1408 878 1485 lormularn
909 1413 956 1482 iis
988 1414 1119 1511 impri-

35 1519 143 1582 moret
155 1509 202 1599 ²).
252 1506 424 1600 Accedit,
463 1533 537 1607 quo
571 1511 682 1582 etiam
709 1505 926 1583 ellicaciora
951 1506 1045 1606 baec
1069 1505 1120 1582 ad

34 1604 215 1679 bominum
241 1610 386 1679 animos
410 1603 492 1678 lieri
517 1631 675 1680 neeesse
702 1614 795 1696 erat,
821 1602 922 1705 quod
937 1605 1120 1706 pleraque

34 1727 102 1776 non
127 1702 397 1778 oblectationis
424 1702 546 1777 solum
573 1727 689 1776 causa
713 1706 926 1802 proposito,
951 1703 1019 1778 sed
1035 1729 1119 1778 cum

33 1799 214 1899 religione
251 1802 451 1874 coniuncta
486 1799 772 1901 numinibusque
799 1798 956 1874 deorum
982 1825 1118 1876 conse·

33 1907 130 1971 crata
166 1900 290 1972 erant.
354 1899 407 1972 ut
436 1923 526 1972 vere
565 1895 637 1972 dici
669 1904 818 1996 potest,
856 1901 895 1971 in
930 1897 1119 1995 religione

33 1995 258 2069 Graecorum
283 1994 385 2096 quod
410 1998 624 2095 praeceptis
649 2023 694 2098 ac
720 1992 893 2093 populari
917 2020 1043 2070 rerum
1063 1993 1119 2070 di·

32 2095 194 2166 rinarum
229 2097 425 2169 doctrinae
460 2091 642 2178 deluerit,
682 2091 728 2190 id
754 2096 999 2191 actinopera
1022 2119 1119 2264 quo-

33 2187 225 2264 dammodo
252 2200 533 2290 compensatum
559 2217 604 2264 ac
629 2189 842 2290 suppletum
874 2218 971 2266 esse.
1060 2217 1119 2266 am

32 2284 200 2362 doctrina
225 2288 423 2388 religionis
450 2296 515 2363 ant
540 2285 642 2362 nulla
668 2299 751 2361 erat
776 2294 842 2362 aaut
867 2287 1006 2365 labulis
1032 2314 1119 2409 cor-

31 2384 558 2585 iltiigbztltlussiss
575 2386 1120 2559 tllsslmliltlbffi‘tll:

29 2575 101 2670 bat,
126 2580 241 2680 plena
267 2591 349 2658 erat
375 2585 586 2656 sanctitatis
621 2591 659 2656 et
681 2585 834 2681 pietatis
859 2583 1035 2683 illamque
1062 2583 1117 2656 cli·

28 2681 131 2753 vinae
165 2686 324 2755 naturae
355 2679 575 2778 dignitatem
609 2677 654 2753 a'c
686 2683 976 2779 praestantiam,
1018 2707 1117 2781 quae

28 2774 261 2851 venerabiles
288 2777 382 2851 deos
409 2776 624 2852 bominibus
649 2774 806 2868 faceret,
839 2803 973 2877 puram
998 2787 1036 2852 et
1060 2782 1118 2851 in·

26 2875 243 2948 temeratam
270 2873 469 2967 servabat,
505 2900 628 2976 eoque
661 2870 851 2947 efficacius
877 2874 1117 2971 commenda-

29 2965 105 3065 bat,
146 2997 222 3071 quo
250 2977 406 3072 propius
432 2971 711 3045 divinitatemne
738 2969 857 3044 dicam
884 2971 1119 3066 humanitati,

27 3093 70 3140 an
107 3068 375 3143 humanitatem
407 3066 591 3143 divinitati
624 3065 850 3144 admovebat
863 3071 908 3168 ³).
970 3068 1117 3144 Eodem

28 3189 105 3239 cum
141 3167 212 3239 bac
245 3171 328 3240 arte
355 3166 440 3240 loco
467 3173 578 3242 etium
604 3165 804 3266 tragoedia
830 3167 1021 3242 censenda
1046 3175 1118 3260 est,

27 3273 59 3335 et
92 3269 180 3365 ipsa
219 3265 302 3337 tota
342 3291 425 3338 cum
462 3264 652 3363 religione
685 3267 888 3338 coniuncta
932 3264 1117 3367 festisque

27 3357 181 3434 deorum
207 3359 441 3436 solemnibus
466 3366 576 3438 unice
602 3360 853 3458 destinatal).
898 3365 992 3437 Nam
1009 3370 1119 3438 vetus

26 3459 172 3554 quidem
205 3457 270 3531 illa
304 3459 524 3559 tragoedia,
563 3459 710 3561 qualem
736 3459 947 3558 Aeschylus
976 3464 1014 3536 et
1040 3461 1118 3536 So·
1244 3529 1246 3533 .

25 3553 180 3651 phocles
205 3553 398 3653 lecerunt,
440 3561 570 3658 gravis
607 3560 645 3632 et
674 3583 810 3632 severa
842 3562 1045 3660 castaeque
1081 3563 1121 3636 et

33 3733 228 3746 *Qu-‘-

93 3834 127 3902 1)
154 3833 200 3888 Of.
229 3836 368 3906 imprimis
392 3837 512 3906 Jacobs,
538 3837 612 3892 iiber
637 3838 693 3892 den
711 3837 886 3892 Reicbtbum
905 3839 957 3892 der
976 3838 1121 3894 Griecben
1224 3827 1229 3838 ’

24 3923 58 3954 an
83 3905 263 3977 plastiscben
287 3908 521 3976 Kunetwerlren,
551 3912 648 3985 script.
672 3911 790 3964 miscell·
815 3913 859 3965 111
884 3924 913 3977 P.
937 3913 989 3966 427
1012 3931 1072 3986 sqq.
1092 3924 1122 3966 et
1224 3942 1227 3948 v

24 3977 75 4030 485
94 3997 159 4050 sqq.

94 4080 129 4153 2)
151 4083 195 4139 cf.
215 4067 335 4140 Herdcr.
355 4087 509 4158 Calligene
529 4091 559 4142 11
577 4110 606 4162 p.
625 4091 687 4144 1³5.
723 4089 842 4145 Jacobs.
859 4089 880 4144 l·
898 4090 917 4144 l.
935 4103 964 4156 Ρ.
984 4091 1046 4146 452.

47 4191 53 4202 ’
91 4188 126 4262 3)
146 4193 268 4249 Jacobs.
287 4214 315 4266 p·
334 4196 486 4250 eoo-36⁵.
524 4197 699 4264 Griinaisen‚
718 4197 791 4252 iiber
811 4199 857 4252 die
875 4197 1053 4253 Sittlicblreit
1071 4197 1123 4264 der

22 4261 185 4318 bildenden
204 4266 303 4319 Kunst
322 4267 369 4322 bei
389 4269 445 4322 den
464 4269 617 4324 Grieoben.
653 4269 752 4342 Leipz.
772 4271 853 4328 183³.

100 4371 134 4438 t)
149 4374 199 4426 {le
217 4371 272 4426 bac
289 4393 404 4448 qnoque
424 4379 539 4446 egregie
558 4377 684 4450 disputat
701 4378 821 4435 Jacobs.
839 4392 867 4453 p.
886 4378 1037 4436 eoo-318.
