2814 5080
258 378 295 453 7.
319 377 379 454 De
403 371 623 448 menone
645 372 711 448 rei
722 373 912 474 publicae.
1061 375 1136 452 3⁰3
1249 399 1252 406 ·

57 558 175 632 antem
200 553 287 632 illae
312 583 376 632 res
401 581 498 658 quae
522 558 706 654 pecuniae
718 557 869 632 nomine
890 557 1137 659 comprehen-

58 654 204 746 duntur,
230 658 386 755 eiusque
410 651 689 752 comparandae
715 656 754 728 et
773 653 830 728 dis
858 656 1048 732 ensandae
1073 684 1135 732 ra-

56 756 190 826 tionem
223 754 482 826 oeconomiam
516 749 761 849 appellamus.
846 749 1035 828 creabitur
1070 780 1136 829 au-

56 851 125 922 tem
165 855 296 924 nostra
334 875 435 924 nunc
474 851 645 949 quaestio
682 852 719 921 in
754 845 901 923 duabus
933 854 1136 950 praecipue

54 947 240 1045 partibus:
281 949 437 1046 primum
477 946 520 1018 ut
548 942 757 1034 videamus,
789 971 973 1046 quaenam
998 946 1139 1024 luerint

55 1041 334 1118 Atheniensium
364 1046 422 1118 rei
454 1039 630 1141 publicae
666 1045 934 1136 necessitates,
970 1048 1008 1118 in
1041 1073 1136 1148 quas

78 1143 245 1214 ccuniam
274 1144 410 1214 insumi
435 1144 642 1238 oporteret,
675 1135 810 1214 deinde
827 1139 958 1240 quales
978 1145 1018 1217 et
1036 1143 1137 1220 unde

52 1167 191 1311 luerint
248 1242 462 1312 ecuniarnm
495 1234 660 1310 reditus:
693 1261 780 1309 nam
811 1235 859 1310 de
884 1236 1138 1315 moderando·

53 1361 132 1409 rum
157 1361 200 1409 re
227 1339 343 1409 ituum
369 1348 407 1409 et
432 1335 644 1432 sumptuum
670 1336 862 1432 potestate
904 1331 1137 1412 ecuniarum·
1169 1405 1171 1410 ,
1282 1377 1291 1400 ³

54 1457 124 1534 qne
154 1430 473 1530 colligendarum,
509 1428 840 1504 custodiendarum
866 1361 1138 1532 dispensanda·

52 1555 208 1630 rumque
234 1555 326 1603 cura
351 1531 444 1602 satis
469 1531 544 1602 iam
569 1553 686 1624 snpra
711 1526 849 1602 dictum
875 1555 961 1604 esse
975 1530 1136 1628 videtur,

53 1652 165 1728 quum
197 1624 244 1702 de
277 1637 424 1720 senatu,
450 1625 623 1720 comitiis,
649 1622 937 1724 magistratibus
962 1626 1137 1729 loquere·

50 1750 143 1804 mur.

147 1823 314 1896 Necesse
352 1819 412 1894 est
443 1825 585 1913 autem,
622 1843 735 1921 quum
768 1816 816 1893 de
845 1817 1056 1920 sumptibus
1091 1849 1137 1898 ac

48 1916 234 1994 reditibus
259 1945 280 1992 a
312 1921 385 1992 itur
409 1941 718 2018 nummorumque
743 1943 929 2012 summae,
954 1945 1051 2019 quae
1075 1919 1137 1996 vel
1194 1979 1199 1988 .

47 2015 232 2092 redierint
247 1945 310 2090 aad
319 2018 530 2115 insumptus
545 2016 632 2106 sint,
647 2017 1000 2110 commemorantur,
1026 2020 1138 2096 etiam

45 2139 138 2286 itt
155 2115 398 2284 ”tilithi
424 2113 959 2310 “tt'0tlpiitthttt'ht
982 2114 1136 2287 lill'l'

46 2308 201 2384 modum
226 2305 389 2381 obscura
414 2314 452 2380 et
478 2302 657 2398 difficilis,
688 2331 765 2379 non
797 2305 918 2382 solum
945 2313 1136 2412 quianon

44 2404 165 2482 multa
196 2403 242 2480 de
274 2408 319 2480 iis
351 2402 450 2503 apud
477 2406 634 2478 'veteres
666 2407 919 2502 reperiuntur,
954 2405 1022 2482 sed
1074 2411 1137 2484 nia

44 2507 212 2579 maxime
250 2499 344 2576 haec
381 2498 575 2574 mutabilia
605 2498 753 2602 aliaque
786 2501 869 2576 aliis
902 2509 1061 2675 tempori
1090 2533 1137 2580 us

43 2602 212 2676 luerunt.
260 2601 505 2672 Nummorum
541 2601 660 2688 ratio,
694 2607 871 2699 quantum
906 2605 966 2702 qui
995 2629 1052 2676 em
1087 2601 1137 2676 ad
1243 2610 1247 2622 '

42 2706 220 2773 nostrum
238 2696 432 2771 consilium
445 2697 618 2794 pertinet,
643 2699 774 2793 paucis
787 2693 933 2772 absolvi
946 2702 1074 2798 potest
1091 2705 1135 2796 ¹).

40 2797 171 2872 Erant
194 2797 311 2894 igitur
336 2791 373 2868 hi
397 2798 464 2868 aut
488 2795 674 2889 argentei,
699 2799 765 2864 aut
789 2798 910 2887 aenei,
936 2805 1001 2870 aut
1015 2800 1135 2872 aurei.

39 2895 108 2969 Ex
134 2895 327 2991 argenteis
352 2893 597 2965 usitatissima
612 2885 799 2981 drachma,
826 2894 1032 2972 centesima
1046 2919 1136 2993 pars

39 2994 172 3065 minae
208 3017 239 3063 s.
268 2985 388 3064 librae
419 2991 578 3080 Atticae,
604 3013 700 3086 quae
725 2989 857 3060 uncias
883 2988 1136 3065 colonienses

40 3085 164 3163 babet
187 3084 315 3186 paullo
340 3084 497 3185 amplius
523 3081 705 3162 undecim.
737 3085 907 3158 Pretium
923 3085 1136 3180 drachmae,

40 3189 75 3262 si
103 3210 189 3259 cum
213 3187 353 3258 nostris
377 3185 520 3284 grosiis
545 3182 797 3279 comparetur,
820 3207 979 3280 quorum
1004 3184 1138 3258 XXIV

40 3307 162 3358 unum
195 3279 379 3356 thalerum
412 3279 590 3370 alliciunt,
616 3282 807 3352 aestimari
834 3284 960 3380 potest
984 3285 1138 3358 circiter

41 3407 118 3456 sex
149 3383 309 3477 grosiis:
338 3381 464 3478 itaque
495 3382 643 3450 centum
676 3374 894 3471 drachmae,
920 3381 999 3454 sive
1024 3384 1136 3477 mina,

40 3480 198 3565 circiter
213 3479 343 3574 viginti
362 3480 524 3577 quinque
540 3472 706 3547 thaleris.
757 3473 995 3570 Sexagintae
1010 3482 1135 3553 minae

37 3574 227 3649 talentum
254 3571 433 3667 alliciunt,
458 3573 564 3645 cuius
588 3574 748 3669 pretium
774 3572 1032 3648 aestimabitur
1058 3575 1137 3648 tha·

37 3671 138 3746 leris
165 3669 264 3744 mille
290 3673 514 3771 quingentis.
567 3666 780 3742 Constabat
812 3695 929 3767 porro
957 3669 1135 3745 drachma

28 3796 115 3864 ‘sex
144 3766 284 3860 obolis,
315 3772 378 3868 qui
404 3776 441 3840 et
465 3768 537 3864 ipsi
563 3768 734 3864 argentei
760 3771 887 3858 erant,
920 3771 1135 3865 pariterue

37 3863 248 3942 semioboli
284 3866 495 3956 (ἡμιοβόλια).
544 3862 608 3936 lix
638 3887 727 3936 aere
762 3859 1000 3938 cudebantur
1032 3863 1134 3939 chal·

115 4090 151 4157 l)
174 4086 342 4145 Paullulum
367 4085 488 4142 discedit
506 4084 591 4155 baec,
621 4096 705 4160 quam
724 4089 924 4160 proponimus,
952 4106 1133 4144 nummorum
1261 4123 1263 4128 ,

36 4166 207 4218 aestimatio
226 4163 262 4217 ab
281 4181 324 4231 ea,
344 4179 417 4233 quae
437 4159 512 4231 apud
531 4159 709 4212 Bocclrhium
729 4167 771 4211 est
790 4159 825 4211 de
844 4177 907 4211 nee.
926 4179 956 4214 r,
988 4197 995 4214 .
1043 4198 1049 4214 .
1124 4199 1131 4215 .

37 4237 167 4288 15-252
186 4235 238 4288 sed
257 4234 377 4287 debetur
395 4230 466 4284 haee
484 4240 583 4284 nostra
602 4233 657 4284 viri
675 4232 777 4282 summi
814 4235 853 4284 vri
869 4250 887 4283 α
932 4305 939 4320 ·
1019 4271 1037 4322 .'
1054 4251 1132 4322 epm.
