2840 5084
371 1140 884 1227 Praelatio.

570 1325 707 1346 ...ψ-ι

88 1436 195 1588 Quo
220 1499 380 1574 consilio
403 1498 503 1574 hunc
526 1501 665 1576 librum
690 1514 728 1584 et
752 1502 812 1577 cui
837 1501 1078 1600 potissimum
1110 1522 1170 1594 ge-

90 1618 164 1691 neri
199 1618 379 1690 lectorum
416 1620 717 1716 conscripserim,
757 1641 808 1718 qu
875 1641 923 1692 uc
954 1617 1050 1692 milri
1079 1615 1172 1691 lines

91 1713 192 1789 buius
217 1711 486 1809 antiquitatum
513 1713 709 1790 doctrinae·
734 1717 865 1790 iuveni
892 1737 936 1789 us
968 1711 1173 1788 tradendae

4 1863 6 1878 .
87 1810 357 1896 constituerim,
390 1832 503 1906 quum
528 1813 570 1884 in
593 1815 785 1916 prooemio
816 1812 908 1886 satis
941 1811 1173 1909 explicatum

89 1910 142 1997 iit,
168 1905 338 2007 pluribus
362 1929 462 1979 nunc
486 1929 510 1979 a
535 1931 595 1982 me
619 1907 753 1983 disseri
777 1909 875 1982 nihil
907 1909 1054 1982 attinet.
1100 1906 1173 1984 Ne·

88 2029 152 2101 que
188 2001 392 2078 verendum
429 2028 511 2078 csse
546 2005 724 2095 arbitror,
760 2030 809 2080 ne
844 2017 911 2080 aut
945 2006 1111 2078 alienum
1147 2021 1173 2074 a

88 2102 261 2198 philologi
285 2100 514 2196 professione
537 2116 605 2176 aut
628 2103 754 2180 minus
784 2104 1038 2178 necessarium
1071 2101 1172 2174 litte·

90 2219 204 2271 rarum
229 2211 440 2271 nostrarum
465 2197 644 2276 studiosis
672 2200 838 2274 laborem
870 2200 1076 2298 suscepisse
1113 2197 1172 2272 vi·

1 2339 2 2372 l
91 2293 180 2385 dear,
206 2295 283 2368 nisi
308 2295 391 2394 quis
417 2294 514 2368 forte
538 2311 603 2372 aut
627 2299 830 2373 consistere
844 2297 927 2372 sine
942 2295 1171 2370 accuratiore

90 2395 348 2491 antiquitatum
382 2394 594 2486 cognitione
626 2395 868 2492 philologiam
903 2418 1012 2493 posse
1041 2393 1171 2490 opine·

90 2501 158 2579 tur,
189 2502 256 2562 aut
280 2492 504 2564 Graecarum
535 2494 806 2592 antiquitatum
832 2488 1169 2586 cognoscendarum

89 2587 251 2662 subsidia
285 2585 464 2660 studiosis
500 2586 799 2664 adolescentibus
836 2609 882 2662 ca
922 2589 1000 2662 iam
1036 2596 1168 2702 parata

88 2709 159 2758 csse
182 2683 335 2772 iudicet,
358 2682 494 2782 quibus
520 2687 704 2783 acquiesci
729 2683 926 2760 commode
948 2696 1079 2784 possit
1114 2682 1168 2756 Ac

1 2825 2 2858 r
76 2779 129 2854 ¹de
150 2782 375 2880 philologiae
405 2781 557 2876 quidem
589 2782 736 2856 ambitu
766 2782 958 2882 disputare
990 2799 1167 2878 superva-

1 2895 2 2900 ’
84 2900 232 2953 careum
263 2903 345 2952 esse
370 2890 478 2975 puto,
511 2877 822 2979 quandoquidem,
845 2881 938 2954 satis
969 2877 1065 2952 milri
1088 2877 1167 2948 iam

1 3045 2 3070 ξ
82 2975 125 3048 ab
150 2979 236 3051 aliis
260 2975 423 3048 refutata
447 3001 527 3052 esse
550 2976 703 3054 videtur
727 3001 856 3051 eorum
872 2977 982 3064 ratic,
1007 2976 1073 3072 qui
1087 2994 1168 3042 am·
1254 3019 1260 3028 -

1 3079 2 3150 l
79 3074 284 3169 piissimam
309 3071 576 3172 professionem
601 3085 669 3148 aut
691 3075 752 3151 sui
777 3075 898 3148 animi
916 3093 960 3144 ac
974 3069 1166 3143 doctrinae

79 3170 213 3245 linibus
247 3170 545 3246 circumscribere
586 3183 653 3246 aut
685 3173 798 3269 plane
834 3171 910 3244 alio
947 3166 1166 3266 detorquere

81 3280 274 3358 conantum
301 3269 343 3339 in
366 3268 655 3367 antiquitatibus
670 3282 795 3342 autem
807 3266 959 3342 Graecis
977 3265 1165 3338 illustran-

81 3363 133 3438 dis
158 3387 274 3462 quum
300 3387 378 3437 non
403 3368 511 3462 pauci
538 3367 612 3440 viri
643 3363 852 3439 doctissimi
882 3363 1068 3462 proximis
1100 3357 1165 3431 ab

80 3461 161 3533 hinc
186 3459 379 3536 decenniis
403 3484 540 3556 magna
565 3486 649 3536 cum
674 3459 785 3535 laude
808 3463 949 3536 versati
980 3461 1077 3549 sint,
1107 3469 1164 3529 ta-

80 3579 161 3631 men
185 3557 252 3654 qui
277 3559 418 3632 iustum
438 3557 628 3635 doctrinae
642 3582 774 3660 corpus
788 3557 1013 3634 discentium
1025 3553 1163 3632 studiis

77 3653 393 3730 accommodatum
418 3681 640 3756 componere
663 3668 876 3744 conaretur,
899 3654 935 3730 si
958 3677 983 3726 a
1006 3650 1164 3727 minutis

77 3749 270 3827 breviariis
296 3751 521 3842 discesseris,
546 3779 642 3830 unus
667 3754 814 3842 extitit,
844 3755 906 3828 vir
928 3750 1163 3825 'clarissimus

77 3846 229 3923 Carolus
256 3848 469 3927 Fridcricus
498 3854 757 3940 Hermanuus,
785 3851 891 3926 cuius
923 3850 1018 3924 liber
1048 3863 1162 3942 quam
1198 3884 1201 3923 ς

77 3943 208 4044 cupide
222 3959 402 4045 exceptus
415 3951 466 4023 sit
477 3951 635 4048 repetita
647 3952 749 4023 intra
757 3969 896 4047 paucos
909 3967 1028 4018 annos
1044 3939 1162 4016 editio

74 4039 316 4118 demonstrat.
366 4046 476 4120 Hunc
505 4071 570 4142 ego
599 4049 733 4146 quanti
760 4045 919 4120 facerem
943 4042 983 4114 in
1007 4057 1163 4116 censura

75 4138 340 4226 eius,‹Annall.
365 4143 461 4216 critt.
486 4145 605 4220 Berol.
630 4167 718 4218 ann.
748 4144 843 4220 1836
866 4142 941 4218 vol.
965 4141 1004 4215 ll
1027 4149 1089 4212 no.
1112 4132 1163 4206 92

72 4258 150 4334 sqq.
157 4287 168 4325 ,
194 4236 343 4334 publice
367 4241 554 4338 professus
579 4266 679 4317 sum:
705 4264 824 4340 neque
847 4231 1162 4336 tamenquaemi·

71 4352 143 4406 nus
182 4335 280 4406 milri
313 4336 509 4434 probanda
548 4338 766 4415 viderentur
805 4333 1051 4414 dissimulavi.
1114 4329 1164 4401 Et

72 4441 162 4504 sunt
186 4445 335 4532 praeter
359 4455 422 4527 ea,
453 4460 548 4538 quae
571 4438 628 4512 ibi
641 4438 830 4545 exposui,
864 4438 979 4512 etiam
1004 4432 1097 4510 elia.
1121 4427 1165 4498 in
