2806 5080
141 269 144 279 r
169 333 197 407 I
202 331 242 408 V.
279 339 320 405 l.'
335 329 396 405 oe
421 324 711 430 Spartanorum
735 351 780 402 rs
797 329 969 428 pabiscu-
1044 333 1115 408 145

43 513 296 607 consociasset,
326 505 542 586 volentibus
575 505 750 584 omnibns
783 537 964 588 summum
996 515 1116 595 totius

47 617 213 688 exercitus
252 615 300 685 im
330 613 448 683 crium
479 610 585 681 terra
621 612 789 709 marique
820 609 868 684 ad
901 611 933 686 S
961 621 1117 693 artauos

47 711 250 785 deferretur,
298 637 384 781 lloc
407 709 536 806 itaque
561 701 663 778 hello
690 731 801 807 quoru
828 639 998 785 navaldm
1024 738 1117 814 quo-

45 835 99 910 quc
110 806 273 881 militiam
283 805 467 905 Spartani
476 805 1117 913 capessivissentmaritimarumque

8 923 9 950 ³
46 911 215 980 civitatum
240 908 280 976 in
305 902 438 977 insulis
465 909 503 976 et
529 899 720 974 littoribus
745 909 997 1004 principatum
1014 913 1117 983 nacti

45 1007 164 1094 essent,
189 1005 356 1076 retinere
381 1009 505 1074 tamen
533 998 631 1072 hunc
655 1025 727 1072 noc
751 1008 931 1098 poterant
953 1031 1023 1078 noc
1039 1031 1117 1080 ma·

43 1125 103 1198 gno
127 1126 244 1199 opero
262 1095 556 1190 contendebant,
581 1097 794 1171 Pausaniae
807 1103 970 1175 maxime
988 1127 1117 1177 exem-

8 1259 9 1292 ,
63 1198 91 1270 lo
113 1199 258 1288 moniti,
284 1207 461 1298 quantum
487 1192 576 1268 inde
599 1191 640 1266 in'
669 1220 711 1268 se
736 1221 917 1298 suamque
942 1225 1022 1275 rem
1047 1227 1117 1300 pua

8 1321 10 1424 ζ
42 1226 158 1370 blicam
182 1297 367 1368 malorum
391 1290 607 1369 redundare
630 1294 766 1390 posset
778 1295 821 1384 ⁹).

8 1499 10 1576 l
222 1439 226 1446 ¹
446 1479 724 1574 omli,

120 1609 249 1688 Nihilo
273 1613 398 1686 minus
420 1611 545 1686 tamen
568 1583 656 1686 inde
681 1606 730 1684 ah
752 1608 823 1685 hoc
849 1619 1020 1715 tempore
1043 1611 1118 1716 gli·

8 1703 9 1740 ³
46 1716 170 1785 scentis
184 1708 379 1810 paullatim
405 1709 646 1811 corruptelae
671 1705 810 1782 indicia
835 1735 913 1784 non
939 1711 1119 1812 ambigua

43 1807 377 1907 deprehenduntur,
410 1805 448 1880 ct
477 1833 548 1907 per
586 1804 828 1908 frequentata
861 1813 983 1908 magis
1009 1834 1120 1912 quam

41 1913 138 1980 antea
162 1931 247 1979 cum
280 1905 425 1978 exteris
456 1908 680 1980 commercia
705 1901 789 1976 lieri
821 1929 914 1980 sane
946 1929 1024 1981 non
1047 1934 1119 2078 po·

40 2004 110 2094 tuit,
134 2006 225 2104 quin
243 1999 447 2076 multorum
472 2003 585 2074 animi
612 1998 661 2074 ab
688 1998 897 2075 domestica
923 2001 1043 2105 discip
1058 2009 1123 2080 ina

8 2167 9 2178 ,
40 2099 234 2174 alienorum
250 2123 395 2172 morum
419 2099 649 2198 contagione
667 2095 959 2173 deflectereutur
975 2103 1016 2197 ¹).
1042 2103 1121 2177 Re·
1198 2096 1202 2110 ’

8 2235 9 2238 “
63 2223 99 2270 es
123 2196 235 2290 adeo,
262 2197 346 2271 anri
372 2197 611 2298 argentique,
637 2197 867 2298 quaeipsis,
892 2197 1122 2294 utvidetur‚

8 2293 9 2304 ’
40 2223 169 2370 labere
194 2291 301 2369 licuit
314 2294 360 2387 ²),
386 2290 592 2393 cupiditate
620 2295 828 2388 occaecati,
864 2297 1045 2394 acceptae
1071 2295 1121 2372 ab

8 2413 10 2488 l
40 2391 203 2467 hostibus
227 2394 413 2494 pecuniae
440 2416 514 2464 non
532 2389 649 2465 semel
663 2389 829 2464 damnati
844 2400 931 2466 sunt
945 2396 998 2490 ³):
1025 2422 1123 2497 quaa

38 2515 92 2564 res
116 2487 218 2566 haud
243 2485 357 2562 dubie
383 2486 554 2564 nonnihil
579 2486 670 2562 lecit
702 2488 750 2562 ad
781 2493 914 2588 rogiae
946 2494 1123 2568 maiesta-

8 2605 10 2690 ᾗ
39 2590 78 2660 tis
102 2587 382 2663 venerationem
406 2584 697 2665 imminuendam
723 2585 1012 2689 augendamque
1031 2618 1123 2665 con-

8 2701 10 2752 l
37 2685 89 2757 tra
113 2712 181 2760 eos
206 2684 436 2785 ephororum
461 2682 703 2786 potestatem.
747 2685 891 2758 Civitas
916 2689 1055 2781 autem,
1081 2703 1124 2764 se

35 2784 386 2956 nanuum
403 2781 611 2972 fluctu,
625 2780 780 2982 ‘lauru
794 2780 1019 2982 isurun„
1031 2783 1125 2982 zu:

8 3025 10 3072 ,
38 2993 89 3052 set
114 2977 226 3053 modo
252 2975 312 3052 vel
347 2981 431 3053 iure
464 2976 524 3052 vcl
555 2980 693 3051 iniuria
719 2975 930 3076 deprimere
956 2975 1124 3054 conaha-

8 3075 104 3150 sstur.
151 3079 250 3150 Hinc
284 3078 324 3149 et
355 3075 430 3150 alia
463 3071 584 3165 bella,
618 3077 658 3149 el
688 3073 999 3148 infaustissimum
1030 3074 1125 3151 illud

35 3170 396 3273 Peloponnesiacum
421 3175 580 3264 exarsit,
606 3198 684 3245 non
698 3169 857 3246 Athonis
871 3173 995 3270 magis
1014 3199 1125 3274 quarn
1280 3263 1281 3270 ἵ

37 3267 195 3367 Spartae
222 3275 439 3346 exitiosum.
478 3271 606 3345 Tanta
632 3273 728 3342 enim
753 3266 828 3342 hoc
854 3265 954 3342 bello
978 3296 1147 3346 morum*

39 3362 251 3466 depravatio
275 3371 490 3472 veterisque
516 3365 746 3467 disciplinae
763 3389 809 3440 ac
832 3363 1036 3466 probitatis
1060 3367 1127 3445 oh·

38 3539 234 3561 ——n—-nn

33 3733 50 3785 1²
75 3645 286 3775 ⁵9UR'I'lnls‘cyd.
305 3650 329 3716 1,
347 3649 393 3705 95.
418 3647 456 3704 cr.
474 3648 597 3704 Diodor.
614 3649 674 3719 xl,
692 3647 738 3704 bd.
760 3649 821 3705 mo
840 3601 992 3722 chrysost.
1010 3654 1079 3704 tons.
1097 3649 1128 3704 11

51 3753 58 3769 ·
161 3740 202 3776 ors
224 3757 232 3774 .

101 3823 137 3896 1)
153 3827 197 3892 of,
214 3827 422 3884 Wschsmuth.
439 3829 464 3894 1.
480 3830 500 3886 ὓ
517 3828 627 3902 12:1⁰³.

8 3961 10 4004 ‚
98 3929 137 4002 2)
153 3934 288 3992 Mueller.
305 3939 335 3993 11
348 3957 376 4011 p.
396 3937 458 3992 209.
477 3937 570 3991 -m
588 3933 979 4010 disciplinaequoqoe'rsgii
995 3935 1088 4008 pueri,
1105 3937 1127 3990 ii
1232 3993 1234 3998 ,

8 4041 9 4096 r
31 4011 110 4089 οςήυ
137 4009 183 4131 ff
204 4012 280 4080 patri
302 4012 469 4138 spopossuerpi·
490 4015 587 4137 propt,
610 4013 707 4064 minas
731 4024 852 4063 severas
876 4005 1006 4061 adstricti
1035 4007 1128 4062 fuisso

8 4169 9 4188 l
98 4180 136 4248 3)
152 4184 352 4258 Leotychidcs.
370 4188 512 4243 Herodot.
530 4187 591 4258 Ἦ,
610 4187 654 4243 72.
691 4187 779 4242 Psns.
796 4175 849 4249 111,
867 4181 894 4254 7,
912 4179 940 4240 Β.
976 4186 1130 4242 Plistonax

29 4269 93 4307 son
116 4254 300 4318 (llosndrids.
320 4259 458 4332 Thucyd.
477 4261 518 4327 11,
536 4261 582 4320 al.
599 4261 640 4330 V,
660 4259 704 4316 18·
734 4255 883 4314 Plutarch.
901 4257 1006 4329 Porioi.
1026 4279 1049 4315 c.
1066 4263 1111 4315 22.

868 4328 916 4408 lo
