2840 5084
484 349 741 427 Prooemium.
1000 333 1001 336 ¹
1060 327 1064 336 ¹
1114 349 1161 424 13

557 548 589 629 ς.
620 535 686 615 vl.

167 669 231 743 Ex
255 667 314 743 his
338 668 456 788 igilur
479 664 651 742 sontibus
675 669 883 788 repetitam⁸
899 669 1163 788 antiquitatum

76 767 541 940 illitl'llxll‘lllll
565 763 1164 964 llilr'llllzllllulll„⁸3

59 962 156 1059 ‘silio
184 963 224 1034 et
248 987 427 1036 successu
452 959 606 1035 tradere
631 962 887 1037 instituerunt.
934 960 1033 1034 Nam
1053 963 1162 1034 initio

59 1059 357 1133 'cordatissimus
383 1063 540 1160 quisque
571 1059 738 1130 veterum
769 1081 895 1130 rerum
927 1055 1165 1156 publicarum
1272 1143 1275 1149 ,

74 1183 116 1230 ac
147 1159 272 1230 civilis
304 1153 524 1256 disciplinae
557 1157 813 1253 cognitionem
847 1180 1070 1256 omnemque
1093 1182 1164 1254 po·

73 1252 246 1354 pulorum
274 1253 470 1326 historiam
496 1250 747 1351 expetendam
774 1245 957 1346 censebat
984 1257 1165 1354 tanquam

72 1349 301 1426 uberrimum
315 1353 433 1426 civilis
445 1348 669 1450 prudentiae
688 1348 844 1442 iontem,
868 1347 969 1424 uude
990 1347 1167 1448 exempla
1226 1421 1229 1430 ,

73 1451 190 1524 omnis
216 1452 373 1546 generis
399 1453 436 1522 et
460 1473 597 1550 praece
625 1449 666 1519 ta
690 1444 833 1520 hauriri
858 1452 1018 1545 possent
1033 1445 1081 1519 ad
1096 1473 1166 1545 ge·

72 1545 189 1618 reuda
213 1548 363 1619 naviter
386 1569 434 1618 ne
465 1547 543 1617 otia
568 1473 974 1645 administrandamque
998 1569 1078 1618 rem
1096 1570 1167 1644 pu-

1 1713 2 1718 ,
71 1640 207 1716 blicam
254 1641 374 1715 utilia.
475 1642 525 1715 ali
568 1639 727 1714 consilio
766 1640 930 1715 Carolus
967 1641 1012 1716 Si
1044 1645 1167 1734 ouius,

73 1739 280 1815 Guilelmus
304 1739 510 1830 Posiellus,
535 1741 723 1812 Antonius
742 1737 923 1840 'l'hysius‚
948 1667 1166 1814 Ublossm-

71 1843 180 1957 mius,
205 1836 390 1956 Nicolaus
417 1840 583 1935 Cragius
599 1837 645 1954 l).
666 1833 803 1954 aliique
833 1833 964 1934 plures
989 1835 1036 1910 de
1061 1838 1167 1954 veie·

71 1929 667 2134 liollllll{illidit
683 1930 1169 2121 :illlill’dllliltff

72 2129 214 2203 cultaie
236 2126 436 2201 admodum
453 2130 552 2203 iuter
572 2152 614 2200 se
628 2124 813 2226 dispares,
838 2124 877 2200 id
897 2134 1021 2201 tamen
1035 2151 1168 2202 omnes

71 2230 311 2326 potissimum
337 2227 566 2325 spectantes,
590 2225 634 2296 ut
660 2225 826 2298 velerum
846 2225 1039 2298 civitatum
1055 2227 1093 2298 ct
1109 2226 1170 2298 iu-

73 2329 291 2398 stitutorum
318 2326 535 2396 memoriam
561 2319 611 2394 ad
636 2321 848 2422 aequalium
872 2345 1028 2396 suorum
1057 2345 1169 2394 usum

71 2423 312 2496 revocarent.
364 2422 459 2494 lllox
483 2426 607 2493 autem
633 2418 697 2492 alii
722 2421 802 2494 sive
827 2423 965 2492 natura
990 2423 1029 2493 et
1058 2422 1168 2522 inge.

70 2524 134 2592 uio
165 2521 243 2592 sive
271 2516 429 2592 consilio
456 2521 495 2592 ei
519 2515 712 2591 voluntale
737 2512 786 2590 ah
813 2515 885 2590 hac
910 2514 1007 2590 civili
1019 2518 1171 2590 ratione

72 2617 187 2691 alieni
211 2614 248 2688 id
270 2641 386 2690 uuum
402 2639 519 2712 agere
537 2614 756 2711 coeperunt,
781 2620 823 2687 ut
837 2616 1030 2688 materiam
1047 2617 1169 2686 omnis

70 2708 1050 2910 illiti„tillidilllt'lfflllll‘illl
1065 2735 1173 2881 ‘ili

70 2908 247 3002 solliciti,
280 2931 456 2982 acervum
488 2903 747 3014 tautummodo
780 2931 906 2982 rerum
940 2930 1051 3008 quam
1077 2929 1168 3006 pos·

147 3116 177 3184 l)
198 3118 265 3172 (iar.
289 3120 404 3190 Sigonii
429 3117 465 3174 de
487 3137 520 3174 re
542 3117 660 3190 puhlieu
688 3113 911 3172 Atheniensium
938 3113 1006 3172 lihri
1054 3121 1169 3172 uetnor.

69 3191 187 3243 Bonon.
208 3191 286 3246 1564.
306 3193 332 3246 8.
370 3193 476 3244 Postea
501 3194 615 3262 saepius
633 3192 756 3261 repetiti,
775 3197 805 3244 et
821 3192 851 3242 in
871 3189 1044 3243 Gronoviit
1066 3207 1171 3244 usuro

72 3269 146 3314 tom.
166 3263 206 3314 V.
224 3290 260 3300 -·
279 3262 356 3318 Guil.
375 3253 499 3316 Postelli
517 3270 656 3316 tractatus
675 3261 711 3316 de
729 3279 762 3314 re
780 3260 896 3332 publius
914 3279 937 3315 e.
955 3261 1171 3331 magistratibus

72 3333 308 3399 Atheniensium,
324 3337 355 3388 iu
373 3337 462 3388 Grou·
483 3333 554 3388 thes.
573 3341 641 3389 tom.
661 3334 701 3384 V.
736 3337 805 3388 Aut.
823 3330 928 3404 Thysii
951 3333 987 3388 de
1005 3353 1038 3388 re
1054 3333 1172 3406 puhlies

73 3405 297 3459 Atheniensium
316 3412 455 3460 tractatus
474 3406 617 3480 politicus.
636 3403 705 3460 ihid.
726 3403 802 3460 Uhh.
827 3405 932 3460 Emmii
955 3405 991 3460 do
1017 3405 1171 3478 compluri-

73 3477 128 3528 hus
151 3479 328 3530 Graecorum
354 3477 441 3532 robus
465 3477 586 3551 puhlicis
610 3473 691 3544 libri,
717 3475 788 3532 ibid.
808 3485 876 3533 tom.
896 3477 950 3532 1v.
987 3481 1054 3533 Nic.
1074 3479 1172 3547 origii

76 3549 112 3600 de
138 3568 172 3601 re
196 3531 314 3672 publica
338 3551 632 3604 Lacedaemoniorum
656 3547 724 3604 lihri
746 3549 800 3603 1v.
819 3551 932 3605 Gener.
951 3551 1030 3608 1593.
1053 3552 1071 3605 d
1095 3555 1125 3604 et
1140 3551 1171 3604 in

75 3622 169 3674 Gron.
188 3631 201 3673 t
222 3640 261 3672 es·
280 3629 347 3674 tom.
365 3623 405 3675 V.

148 3725 179 3794 2)
198 3727 245 3779 Ex
265 3725 320 3778 hoe
337 3746 446 3796 genere·
463 3727 681 3799 compilatorum
707 3729 862 3800 praecipue
885 3728 972 3784 leude
997 3729 1103 3798 diguus
1130 3747 1161 3790 es

76 3798 211 3851 Joeunes
229 3799 386 3866 hletrrnius,
404 3801 486 3854 euius
506 3797 542 3852 de
560 3803 648 3852 variis
667 3802 870 3871 antiquitatum
889 3802 1065 3854 Graecarum
1084 3802 1159 3871 parti

75 3871 132 3922 hus
150 3869 217 3922 lihri
241 3870 289 3935 (de
312 3869 427 3944 populis
451 3891 473 3924 s.
490 3874 573 3943 pagis
596 3874 712 3926 Atticis.
730 3869 863 3925 Athenae
881 3875 1004 3926 Atticae.
1025 3873 1173 3944 Cecropia.

1 3999 2 4002 ,
77 3945 244 3995 Ceramicus
254 3945 395 4008 geminus.
414 3945 561 3998 Piraeeus.
579 3941 707 4015 Reliqua
716 3946 826 3996 Attica.
846 3946 994 4012 Dereguo
1005 3942 1110 3997 Athen.
1129 3947 1174 3998 De

1 4073 2 4086 ἵ
75 4012 274 4066 Archontihus
284 4013 389 4067 Athen.
408 4016 538 4068 Fortuna
546 4015 777 4068 Atheniensium.
797 4013 917 4070 Themis
926 4017 1032 4069 Attiou.
1044 4018 1174 4088 Areopa·

1 4145 2 4158 ἵ
78 4103 141 4153 gne.
161 4084 304 4140 Theseus.
322 4085 426 4138 Solon.
446 4087 623 4140 Pisistratus.
642 4087 800 4140 Eleusinia.
822 4085 1035 4142 Panathenaea.
1049 4090 1175 4142 Graecia

75 4159 187 4210 feriata.
224 4160 270 4211 De
289 4157 366 4210 ludis
385 4160 571 4212 Graecorum.
610 4157 772 4212 Orchestra.
804 4160 850 4211 De
889 4163 1030 4232 uerperio.
1065 4163 1111 4214 De
1130 4179 1176 4212 re-

76 4246 137 4296 gno
154 4230 309 4283 Laconico.
346 4229 536 4283 Miscelltuea
554 4226 722 4299 haeouicass
745 4229 840 4282 (irata.
868 4179 993 4304 ¹dyptus.
1029 4229 1176 4298 Rhodus.)

76 4299 206 4374 plerique
240 4321 258 4354 a
288 4301 440 4354 Gronovio
470 4303 506 4355 in*
531 4301 667 4356 thesauro
691 4305 727 4354 A.
754 4299 819 4368 Gr„
850 4319 951 4356 omues
977 4323 1040 4358 cum
1072 4306 1175 4356 ceteris

1 4453 2 4468 χ
76 4372 196 4426 Meursii
216 4372 400 4446 operihusah
412 4375 462 4428 Jo.
473 4375 554 4428 Lami
564 4375 633 4428 editi
646 4380 722 4438 suut,
741 4371 869 4428 Floreat.
879 4375 1021 4434 lul-63.
1031 4377 1100 4430 XII.
1109 4373 1175 4430 Fet.
