2806 5080
266 301 316 376 oo
396 303 483 382 ιιι.
517 303 578 378 τοο
601 302 714 379 ηομ
733 302 898 404 putten
920 307 963 381 a
986 306 1213 382 οοοοηοο.

266 487 370 561 tione
395 481 622 588 aquabililer
645 493 904 585 temperantur
917 489 964 588 ⁵).
1023 489 1198 566 Attamen
1224 516 1331 593 neque

265 581 377 658 facile
403 588 463 658 est
486 583 669 660 eiusmodi
695 591 1026 683 temperamentum
1059 613 1104 660 ac
1135 595 1332 688 proportio·

265 707 351 755 nem
381 685 568 776 iuvenire,
604 685 643 756 et
674 686 738 785 qui
768 681 882 756 semel
914 689 1093 758 maiorem
1124 689 1334 783 potestatem

266 783 367 853 nacti
392 788 491 872 sunt,
516 778 587 852 bac
611 777 693 856 sere
718 773 823 853 abuti
848 779 972 854 solent
997 779 1045 854 ad
1069 786 1247 880 graviora
1266 809 1334 856 mu·

265 880 330 949 nia
359 877 473 977 atque
505 901 624 951 onero
655 874 879 950 declinanda
916 877 1074 980 aliisque
1114 879 1334 978 imponenda.

265 975 473 1048 Praeterea
498 973 615 1047 multa
639 981 726 1048 sunt
751 999 871 1076 eaque
896 975 1126 1074 amplissima
1150 982 1270 1050 munia
1292 982 1335 1048 ci-

198 1143 205 1157 ,
265 1075 364 1144 vium
397 1075 511 1171 atque
542 1069 687 1166 ol'licia,
726 1097 823 1173 quac
856 1075 978 1145 minus
1009 1071 1228 1147 facultatum
1262 1099 1336 1173 ope,

266 1193 377 1269 quam
401 1171 538 1260 virtute
570 1169 610 1242 et
638 1168 838 1269 prudentia
867 1168 1165 1244 administranda
1196 1175 1338 1262 suut,a

266 1265 403 1370 quibus
428 1270 531 1340 viros
554 1261 680 1341 bonos
703 1270 863 1366 propter
888 1293 1041 1342 censum
1076 1271 1255 1368 exiguum
1284 1292 1336 1340 ar-

266 1389 354 1438 cere
379 1389 544 1438 summae
575 1367 634 1438 est
666 1367 887 1466 iniquitatis.
942 1365 1075 1466 ltaque
1110 1370 1149 1438 iu
1189 1365 1245 1438 bis
1277 1364 1337 1438 ¹aut

264 1459 368 1534 nulla
393 1465 544 1534 omnino
570 1487 707 1536 census
731 1465 830 1537 ratio
855 1459 1028 1536 habenda
1053 1459 1254 1556 videbitur,
1282 1467 1337 1534 aut

264 1561 343 1631 tam
366 1559 537 1632 modicus
563 1565 740 1658 exigetur
753 1564 806 1656 ⁶),
839 1566 885 1632 ut
912 1585 1023 1634 nemo
1053 1567 1245 1654 arceatur,
1275 1561 1338 1631 uisi

265 1681 375 1757 quem
409 1659 472 1729 vix
502 1655 681 1731 credibile
714 1660 764 1730 sit
794 1661 952 1756 propter
976 1660 1034 1731 rei
1064 1656 1258 1730 familiaris
1281 1682 1337 1729 an·

263 1758 412 1854 gustias
439 1752 533 1828 bene
558 1752 877 1830 administrandae
902 1757 959 1829 rei
983 1751 1157 1854 publicae
1177 1753 1338 1828 idoneum
1388 1773 1389 1780 ’

266 1877 371 1946 esse,
396 1855 593 1952 possitque
617 1850 665 1926 ad
693 1853 858 1926 bonores
884 1861 922 1926 et
945 1855 1193 1951 magistratus
1215 1876 1337 1951 perve-

264 1954 346 2024 nire
371 1975 446 2023 non
472 1949 593 2024 solum
626 1953 689 2052 qui
720 1953 965 2049 pecuniosus,
999 1949 1067 2024 sed
1100 1954 1162 2050 qui
1193 1955 1338 2049 propter

263 2051 438 2122 virtutem
462 2072 507 2119 ac
531 2045 767 2146 prudentiam
794 2047 939 2122 civibus
964 2051 1042 2122 suis
1066 2051 1228 2121 maxime
1284 2071 1338 2118 ro·

263 2141 377 2218 batus
410 2147 471 2218 sit.
520 2147 627 2218 lianc
660 2143 710 2218 ob
744 2170 896 2218 causam
925 2148 963 2217 in
996 2142 1229 2220 democratia
1252 2071 1338 2216 deuo
1389 2217 1390 2226 ἢ

264 2245 471 2315 constituta
502 2241 682 2315 nonnulla
715 2268 811 2318 sane
837 2268 974 2318 census
1003 2247 1102 2317 ratio
1136 2238 1338 2333 habebitur,

263 2343 385 2412 maior
397 2341 678 2413 autemvirtutis
688 2342 727 2414 et
735 2339 972 2440 prudentiae,
990 2339 1192 2442 licebitque
1206 2337 1337 2440 populo

263 2461 331 2510 eos
366 2433 439 2510 sibi
471 2435 723 2529 consiliarios,
743 2443 1013 2538 magistratus,
1042 2437 1187 2512 iudices
1210 2433 1338 2536 praeli·

261 2559 362 2704 tiit
387 2538 873 2707 lb⁰lrll2⁰iulllbi⁵a⁰l
891 2532 1339 2706 ⁸t¹t²¹tillttltl¹⁰t

260 2683 458 2827 praeliciat
482 2725 557 2802 sibi
582 2660 804 2830 quosmvelit,
829 2659 1114 2805 iddilempabert
1136 2734 1195 2803 roi
1216 2683 1338 2900 publi·

262 2850 329 2899 cae
354 2828 392 2898 iu
419 2825 584 2900 deterius
608 2831 864 2903 mutationem.
920 2829 1053 2930 Neque
1085 2830 1182 2902 enim
1242 2853 1262 2900 e
1292 2826 1337 2898 ci·

261 2927 361 2996 vium
385 2921 568 3024 dignitate
592 2924 758 3024 populus
782 2930 886 3001 recte
900 2924 1068 2999 iudicare
1088 2925 1250 3023 poterit,
1274 2922 1337 2995 nisi

260 3023 342 3120 ipse
373 3023 425 3097 sit
453 3018 623 3096 moribus
652 3019 787 3122 probis
811 3027 923 3125 atque
952 3025 1182 3121 incorruptis
1196 3023 1249 3122 ²):
1279 3015 1339 3092 ubi

330 3242 363 3316 5)
382 3246 424 3300 Id.
441 3248 496 3314 w,
515 3249 541 3319 6,
560 3249 579 3303 2
598 3247 633 3303 ds
651 3247 800 3303 moderata
819 3247 1008 3318 democratia,
1032 3267 1118 3322 qnam
1136 3249 1200 3320 ipse
1222 3247 1340 3303 πολιτείαν

261 3325 366 3372 vocat:
394 3319 446 3372 ίοττ
471 3317 526 3393 γὰρ
547 3322 657 3376 nobule
679 3321 716 3380 ὥς
737 3319 825 3379 ἁπλοῖς
845 3323 925 3376 είτττῖν
944 3324 1014 3393 μίξις
1032 3323 1185 3395 ὀλιγαρχίας
1200 3319 1249 3374 καί
1265 3319 1339 3389 δημο·

259 3393 371 3462 τρατίας.
409 3391 525 3456 111,11‚
546 3393 597 3446 ll.-
615 3390 743 3448 πολιτικὸν
758 3394 787 3449 dt
805 3393 902 3461 πλῆθος
916 3419 953 3432 -
977 3393 1123 3464 δυνάμενον
1143 3390 1235 3466 ἄρχειν
1256 3409 1281 3445 τε
1299 3383 1340 3443 ταί

258 3459 387 3536 ἄρχεσθαι
402 3458 470 3514 κατὰ
487 3463 570 3534 νόμον
585 3461 629 3518 τὸν
644 3466 700 3520 κατ’
717 3465 798 3528 ἀξίαν
813 3465 967 3538 διανέμοντα
983 3469 1035 3524 τοῖς
1048 3465 1162 3539 εὐπόροις
1184 3461 1230 3522 τοὶς
1251 3459 1337 3536 οἷρχοές·

331 3564 364 3635 6)
383 3567 425 3621 ld.
445 3586 469 3622 c.
490 3570 506 3623 'l
524 3571 558 3624 3:
576 3570 678 3646 αριστοτ
695 3567 783 3624 cnudo
796 3569 825 3625 dd
847 3569 895 3625 ταί
915 3567 1042 3626 πολττττόν
1061 3567 1089 3625 τὸ
1109 3571 1136 3632 e
1156 3567 1281 3644 ίκατίρας
1301 3561 1340 3636 (ἷί

253 3643 282 3695 'rr
298 3637 406 3714 δημοτρ.
424 3637 473 3695 καλ
488 3643 514 3704 ἐξ
530 3588 694 3717 ὄλογαρχίαςς
712 3642 833 3716 ἑκάτερον
848 3645 954 3712 λαβεῖν·
970 3645 998 3696 lx
1015 3641 1067 3714 μίν
1082 3643 1236 3716 ίλογαρχίας
1256 3637 1283 3695 td
1299 3637 1338 3691 αί·

257 3709 331 3786 ροτας
345 3715 428 3766 ποιεῖν
447 3709 493 3769 τὰς
509 3713 544 3788 ἀρ
562 3715 602 3778 οίς,
618 3717 647 3768 ἐκ
664 3713 692 3768 δὲ
707 3714 750 3781 τῆς
767 3713 938 3788 δημοκρατίας
952 3711 978 3768 τὸ
994 3712 1033 3787 μὴ
1050 3711 1103 3768 ἀπὸ
1118 3715 1263 3785 τιμήματος.
1298 3707 1337 3764 Id.

255 3785 311 3851 IV,
329 3786 347 3837 ί
365 3785 399 3838 3.·
418 3780 479 3838 ἄλλο
495 3785 523 3838 δὲ
541 3733 623 3854 leidae
636 3781 822 3862 δημοκρατίας)
846 3782 873 3840 ni
893 3784 940 3844 τὰς
961 3783 1047 3860 ἀρχὰς
1068 3782 1121 3840 ant
1138 3785 1290 3858 τιμημάτων
1304 3780 1338 3834 el·

254 3873 313 3920 m,
338 3859 462 3929 βραχίων
484 3855 514 3910 δὲ
533 3857 626 3912 τούτων
647 3854 734 3922 ὄντων,
762 3857 801 3912 dei
818 3856 847 3912 a
863 3857 899 3930 τῷ
915 3863 1037 3929 κτωμένῳ
1052 3858 1169 3920 ίξονοίαν
1184 3857 1254 3910 eim
1269 3855 1338 3924 peri·

250 3943 319 3998 ΧΨ,
337 3926 385 3980 καί
398 3923 442 3981 adv
459 3925 622 3998 ἀποβαλόντα
639 3927 677 4001 μὴ
692 3933 813 4016 μετέχειν.
842 3930 959 4000 Reapse
978 3931 1078 3982 eodem
1096 3929 1158 3981 fere
1176 3927 1250 3981 redit
1265 3920 1338 3998 quod

256 4005 301 4050 est
317 3999 369 4061 111,
386 3998 413 4062 b,
432 4000 466 4053 3.·
484 3997 551 4053 nard
568 4002 658 4070 ταύτην
672 4019 718 4068 την
733 4003 862 4056 πολιτείαν
876 3997 1071 4074 ααριοίτατοντό
1088 4000 1276 4074 nemetim.
1295 3990 1339 4082 κβ

254 4073 401 4140 μετέχουσιν
421 4069 498 4136 αἰτῆς
513 4073 538 4124 ot
554 4078 700 4144 κεκτημένοι
715 4067 746 4126 τοὶ
764 4071 841 4127 ὅπλα.
871 4073 947 4126 Sunt
966 4076 1042 4126 enim
1061 4071 1092 4126 bi
1110 4071 1159 4143 qui
1177 4087 1238 4122 uon
1255 4069 1336 4120 nima

254 4143 391 4266 grigqum3
410 4159 525 4268 equmqm
544 4142 667 4199 babent:
686 4145 833 4198 tenuiores
850 4143 913 4197 lere
934 4142 1007 4216 ψιλοί
1023 4163 1086 4198 osso
1103 4141 1208 4198 solent.
1247 4138 1292 4195 cl.
1310 4141 1337 4189 ol

300 4249 507 4277 „„„

324 4315 357 4387 7)
376 4319 543 4374 Secundum
561 4324 682 4376 Aristot.
702 4321 761 4385 111,
782 4319 824 4385 ll),
843 4321 877 4376 ὗε
904 4317 969 4376 καθ’
989 4317 1038 4378 dra
1060 4318 1113 4393 μίν
1135 4316 1339 4392 condendi&
