<?xml version="1.0" encoding="UTF-8"?>
<!DOCTYPE html PUBLIC "-//W3C//DTD XHTML 1.0 Transitional//EN"
    "http://www.w3.org/TR/xhtml1/DTD/xhtml1-transitional.dtd">
<html xmlns="http://www.w3.org/1999/xhtml" xml:lang="en" lang="en">
 <head>
  <title>
</title>
<meta http-equiv="Content-Type" content="text/html;charset=utf-8" />
  <meta name='ocr-system' content='tesseract 3.04.00' />
  <meta name='ocr-capabilities' content='ocr_page ocr_carea ocr_par ocr_line ocrx_word'/>
</head>
<body>
  <div class='ocr_page' id='page_1' title='image "./antiquitatesiur00schogoog_0247.png"; bbox 0 0 2822 5082; ppageno 0'>
   <div class='ocr_carea' id='block_1_1' title="bbox 217 268 1143 415">
    <p class='ocr_par' dir='ltr' id='par_1_1' title="bbox 217 268 1143 415">
     <span class='ocr_line' id='line_1_1' title="bbox 217 268 1143 415; baseline 0.005 -28"><span class='ocrx_word' id='word_1_1' title='bbox 217 268 221 278; x_wconf 79' lang='grc'>’</span> <span class='ocrx_word' id='word_1_2' title='bbox 251 311 325 388; x_wconf 75' lang='lat' dir='ltr'><strong>ees</strong></span> <span class='ocrx_word' id='word_1_3' title='bbox 452 310 491 385; x_wconf 79' lang='grc' dir='ltr'><strong>ν.</strong></span> <span class='ocrx_word' id='word_1_4' title='bbox 514 311 575 386; x_wconf 67' lang='lat' dir='ltr'><strong>oe</strong></span> <span class='ocrx_word' id='word_1_5' title='bbox 598 335 643 388; x_wconf 64' lang='lat' dir='ltr'><strong>re</strong></span> <span class='ocrx_word' id='word_1_6' title='bbox 660 310 821 415; x_wconf 61' lang='lat' dir='ltr'><strong>patrm</strong></span> <span class='ocrx_word' id='word_1_7' title='bbox 844 312 1143 392; x_wconf 65' lang='lat' dir='ltr'><strong>ramesensem.</strong></span> 
     </span>
    </p>
   </div>
   <div class='ocr_carea' id='block_1_2' title="bbox 249 492 1394 1570">
    <p class='ocr_par' dir='ltr' id='par_1_2' title="bbox 249 492 1394 1570">
     <span class='ocr_line' id='line_1_2' title="bbox 251 492 1392 598; baseline 0.005 -29"><span class='ocrx_word' id='word_1_8' title='bbox 251 496 325 574; x_wconf 87' lang='lat' dir='ltr'><strong>cte.</strong></span> <span class='ocrx_word' id='word_1_9' title='bbox 374 497 454 568; x_wconf 92' lang='lat' dir='ltr'><strong>Pro</strong></span> <span class='ocrx_word' id='word_1_10' title='bbox 480 492 662 570; x_wconf 82' lang='lat' dir='ltr'><strong>decennio</strong></span> <span class='ocrx_word' id='word_1_11' title='bbox 687 501 824 594; x_wconf 86' lang='lat' dir='ltr'><strong>postea</strong></span> <span class='ocrx_word' id='word_1_12' title='bbox 848 500 1140 598; x_wconf 83' lang='lat' dir='ltr'><strong>quinquennium</strong></span> <span class='ocrx_word' id='word_1_13' title='bbox 1160 503 1326 574; x_wconf 84' lang='lat' dir='ltr'><strong>constitn-</strong></span> <span class='ocrx_word' id='word_1_14' title='bbox 1391 500 1392 590; x_wconf 76' lang='lat' dir='ltr'><strong>l</strong></span> 
     </span>
     <span class='ocr_line' id='line_1_3' title="bbox 249 589 1392 694; baseline 0.005 -27"><span class='ocrx_word' id='word_1_15' title='bbox 249 595 328 682; x_wconf 88' lang='lat' dir='ltr'><strong>tum</strong></span> <span class='ocrx_word' id='word_1_16' title='bbox 355 591 471 684; x_wconf 68' lang='lat' dir='ltr'><strong>estl).</strong></span> <span class='ocrx_word' id='word_1_17' title='bbox 520 589 632 666; x_wconf 85' lang='lat' dir='ltr'><strong>llaud</strong></span> <span class='ocrx_word' id='word_1_18' title='bbox 656 597 746 665; x_wconf 79' lang='lat' dir='ltr'><strong>raro</strong></span> <span class='ocrx_word' id='word_1_19' title='bbox 772 593 897 668; x_wconf 90' lang='lat' dir='ltr'><strong>autem</strong></span> <span class='ocrx_word' id='word_1_20' title='bbox 922 603 1010 669; x_wconf 87' lang='lat' dir='ltr'><strong>ente</strong></span> <span class='ocrx_word' id='word_1_21' title='bbox 1025 593 1234 694; x_wconf 82' lang='lat' dir='ltr'><strong>legitimum</strong></span> <span class='ocrx_word' id='word_1_22' title='bbox 1249 601 1327 672; x_wconf 87' lang='lat' dir='ltr'><strong>tem·</strong></span> <span class='ocrx_word' id='word_1_23' title='bbox 1391 591 1392 632; x_wconf 61' lang='lat' dir='ltr'><strong>l</strong></span> 
     </span>
     <span class='ocr_line' id='line_1_4' title="bbox 249 687 1392 795; baseline 0.005 -32"><span class='ocrx_word' id='word_1_24' title='bbox 249 717 323 790; x_wconf 87' lang='lat' dir='ltr'><strong>pus</strong></span> <span class='ocrx_word' id='word_1_25' title='bbox 353 692 525 764; x_wconf 85' lang='lat' dir='ltr'><strong>revocari</strong></span> <span class='ocrx_word' id='word_1_26' title='bbox 557 715 581 763; x_wconf 91' lang='lat' dir='ltr'><strong>a</strong></span> <span class='ocrx_word' id='word_1_27' title='bbox 611 687 754 789; x_wconf 86' lang='lat' dir='ltr'><strong>populo</strong></span> <span class='ocrx_word' id='word_1_28' title='bbox 787 689 961 766; x_wconf 85' lang='lat' dir='ltr'><strong>solebant</strong></span> <span class='ocrx_word' id='word_1_29' title='bbox 974 693 1022 790; x_wconf 85' lang='lat'><strong>⁸),</strong></span> <span class='ocrx_word' id='word_1_30' title='bbox 1054 697 1259 795; x_wconf 91' lang='lat' dir='ltr'><strong>notumque</strong></span> <span class='ocrx_word' id='word_1_31' title='bbox 1282 698 1328 770; x_wconf 87' lang='lat' dir='ltr'><strong>est</strong></span> <span class='ocrx_word' id='word_1_32' title='bbox 1391 749 1392 780; x_wconf 41' lang='lat' dir='ltr'><strong>q</strong></span> 
     </span>
     <span class='ocr_line' id='line_1_5' title="bbox 249 785 1328 888; baseline 0.006 -28"><span class='ocrx_word' id='word_1_33' title='bbox 249 795 340 888; x_wconf 87' lang='lat' dir='ltr'><strong>post</strong></span> <span class='ocrx_word' id='word_1_34' title='bbox 363 785 622 888; x_wconf 77' lang='lat' dir='ltr'><strong>Hyperbolum</strong></span> <span class='ocrx_word' id='word_1_35' title='bbox 647 791 830 860; x_wconf 89' lang='lat' dir='ltr'><strong>neminem</strong></span> <span class='ocrx_word' id='word_1_36' title='bbox 856 787 1016 888; x_wconf 84' lang='lat' dir='ltr'><strong>amplius</strong></span> <span class='ocrx_word' id='word_1_37' title='bbox 1040 789 1196 880; x_wconf 82' lang='lat' dir='ltr'><strong>Athenis</strong></span> <span class='ocrx_word' id='word_1_38' title='bbox 1211 790 1328 866; x_wconf 62' lang='lat' dir='ltr'><strong>,buius-</strong></span> 
     </span>
     <span class='ocr_line' id='line_1_6' title="bbox 249 882 1328 986; baseline 0.006 -28"><span class='ocrx_word' id='word_1_39' title='bbox 249 883 353 959; x_wconf 89' lang='lat' dir='ltr'><strong>modi</strong></span> <span class='ocrx_word' id='word_1_40' title='bbox 383 883 498 960; x_wconf 86' lang='lat' dir='ltr'><strong>exilio</strong></span> <span class='ocrx_word' id='word_1_41' title='bbox 533 882 708 959; x_wconf 83' lang='lat' dir='ltr'><strong>allectum</strong></span> <span class='ocrx_word' id='word_1_42' title='bbox 739 909 824 960; x_wconf 88' lang='lat' dir='ltr'><strong>esse</strong></span> <span class='ocrx_word' id='word_1_43' title='bbox 837 887 885 980; x_wconf 84' lang='lat'><strong>⁹).</strong></span> <span class='ocrx_word' id='word_1_44' title='bbox 940 886 1067 959; x_wconf 88' lang='lat' dir='ltr'><strong>Etiam</strong></span> <span class='ocrx_word' id='word_1_45' title='bbox 1098 887 1162 961; x_wconf 92' lang='lat' dir='ltr'><strong>alii</strong></span> <span class='ocrx_word' id='word_1_46' title='bbox 1196 889 1328 986; x_wconf 81' lang='lat' dir='ltr'><strong>exules,</strong></span> 
     </span>
     <span class='ocr_line' id='line_1_7' title="bbox 249 979 1330 1184; baseline 0.003 -30"><span class='ocrx_word' id='word_1_47' title='bbox 249 986 420 1154; x_wconf 61' lang='lat' dir='ltr'><strong>lilii</strong></span> <span class='ocrx_word' id='word_1_48' title='bbox 442 984 672 1170; x_wconf 62' lang='lat' dir='ltr'><strong>bittit?</strong></span> <span class='ocrx_word' id='word_1_49' title='bbox 699 979 1330 1184; x_wconf 46' lang='lat' dir='ltr'><strong>{bittilittttltlitl</strong></span> 
     </span>
     <span class='ocr_line' id='line_1_8' title="bbox 251 1177 1332 1278; baseline 0.003 -27"><span class='ocrx_word' id='word_1_50' title='bbox 251 1181 371 1271; x_wconf 84' lang='lat' dir='ltr'><strong>erant,</strong></span> <span class='ocrx_word' id='word_1_51' title='bbox 396 1179 545 1251; x_wconf 88' lang='lat' dir='ltr'><strong>restitui</strong></span> <span class='ocrx_word' id='word_1_52' title='bbox 569 1202 646 1249; x_wconf 92' lang='lat' dir='ltr'><strong>non</strong></span> <span class='ocrx_word' id='word_1_53' title='bbox 670 1177 865 1274; x_wconf 85' lang='lat' dir='ltr'><strong>poterant,</strong></span> <span class='ocrx_word' id='word_1_54' title='bbox 896 1181 970 1250; x_wconf 88' lang='lat' dir='ltr'><strong>nisi</strong></span> <span class='ocrx_word' id='word_1_55' title='bbox 1000 1178 1132 1278; x_wconf 90' lang='lat' dir='ltr'><strong>populi</strong></span> <span class='ocrx_word' id='word_1_56' title='bbox 1162 1184 1332 1276; x_wconf 84' lang='lat' dir='ltr'><strong>iussu¹⁰);</strong></span> 
     </span>
     <span class='ocr_line' id='line_1_9' title="bbox 249 1271 1331 1376; baseline 0.004 -28"><span class='ocrx_word' id='word_1_57' title='bbox 249 1301 321 1348; x_wconf 89' lang='lat' dir='ltr'><strong>nee</strong></span> <span class='ocrx_word' id='word_1_58' title='bbox 346 1273 421 1348; x_wconf 88' lang='lat' dir='ltr'><strong>alia</strong></span> <span class='ocrx_word' id='word_1_59' title='bbox 445 1271 522 1346; x_wconf 89' lang='lat' dir='ltr'><strong>ullo</strong></span> <span class='ocrx_word' id='word_1_60' title='bbox 547 1299 673 1372; x_wconf 85' lang='lat' dir='ltr'><strong>poena</strong></span> <span class='ocrx_word' id='word_1_61' title='bbox 696 1271 862 1372; x_wconf 80' lang='lat' dir='ltr'><strong>legitime</strong></span> <span class='ocrx_word' id='word_1_62' title='bbox 888 1277 961 1348; x_wconf 90' lang='lat' dir='ltr'><strong>nisi</strong></span> <span class='ocrx_word' id='word_1_63' title='bbox 986 1301 1010 1348; x_wconf 90' lang='lat' dir='ltr'><strong>a</strong></span> <span class='ocrx_word' id='word_1_64' title='bbox 1034 1275 1175 1376; x_wconf 88' lang='lat' dir='ltr'><strong>populo</strong></span> <span class='ocrx_word' id='word_1_65' title='bbox 1207 1282 1248 1351; x_wconf 90' lang='lat' dir='ltr'><strong>in</strong></span> <span class='ocrx_word' id='word_1_66' title='bbox 1267 1304 1331 1356; x_wconf 86' lang='lat' dir='ltr'><strong>¹co·</strong></span> 
     </span>
     <span class='ocr_line' id='line_1_10' title="bbox 250 1372 1330 1470; baseline 0.004 -24"><span class='ocrx_word' id='word_1_67' title='bbox 250 1375 363 1446; x_wconf 87' lang='lat' dir='ltr'><strong>mitiis</strong></span> <span class='ocrx_word' id='word_1_68' title='bbox 392 1373 531 1446; x_wconf 87' lang='lat' dir='ltr'><strong>remitti</strong></span> <span class='ocrx_word' id='word_1_69' title='bbox 561 1372 627 1444; x_wconf 86' lang='lat' dir='ltr'><strong>aut</strong></span> <span class='ocrx_word' id='word_1_70' title='bbox 655 1373 843 1465; x_wconf 83' lang='lat' dir='ltr'><strong>imminui,</strong></span> <span class='ocrx_word' id='word_1_71' title='bbox 874 1397 945 1445; x_wconf 91' lang='lat' dir='ltr'><strong>nec</strong></span> <span class='ocrx_word' id='word_1_72' title='bbox 969 1376 1104 1470; x_wconf 79' lang='lat' dir='ltr'><strong>rogari</strong></span> <span class='ocrx_word' id='word_1_73' title='bbox 1129 1373 1200 1448; x_wconf 89' lang='lat' dir='ltr'><strong>bac</strong></span> <span class='ocrx_word' id='word_1_74' title='bbox 1227 1373 1271 1450; x_wconf 90' lang='lat' dir='ltr'><strong>de</strong></span> <span class='ocrx_word' id='word_1_75' title='bbox 1294 1401 1330 1450; x_wconf 88' lang='lat' dir='ltr'><strong>re</strong></span> 
     </span>
     <span class='ocr_line' id='line_1_11' title="bbox 251 1469 1394 1570; baseline 0.003 -27"><span class='ocrx_word' id='word_1_76' title='bbox 251 1469 416 1570; x_wconf 87' lang='lat' dir='ltr'><strong>populus</strong></span> <span class='ocrx_word' id='word_1_77' title='bbox 441 1471 606 1570; x_wconf 86' lang='lat' dir='ltr'><strong>poterat,</strong></span> <span class='ocrx_word' id='word_1_78' title='bbox 631 1471 704 1542; x_wconf 90' lang='lat' dir='ltr'><strong>nisi</strong></span> <span class='ocrx_word' id='word_1_79' title='bbox 728 1471 838 1542; x_wconf 84' lang='lat' dir='ltr'><strong>venia</strong></span> <span class='ocrx_word' id='word_1_80' title='bbox 864 1473 951 1544; x_wconf 85' lang='lat' dir='ltr'><strong>ante</strong></span> <span class='ocrx_word' id='word_1_81' title='bbox 975 1473 1245 1569; x_wconf 68' lang='lat' dir='ltr'><strong>impetratass).</strong></span> <span class='ocrx_word' id='word_1_82' title='bbox 1393 1553 1394 1556; x_wconf 48' lang='lat'>,</span> 
     </span>
    </p>
   </div>
   <div class='ocr_carea' id='block_1_3' title="bbox 671 1663 1240 1770">
    <p class='ocr_par' dir='ltr' id='par_1_3' title="bbox 671 1663 1395 1870">
     <span class='ocr_line' id='line_1_12' title="bbox 671 1663 1240 1770; baseline -0.014 -19"><span class='ocrx_word' id='word_1_83' title='bbox 671 1680 705 1770; x_wconf 68' lang='grc' dir='ltr'><strong>ς.</strong></span> <span class='ocrx_word' id='word_1_84' title='bbox 730 1673 916 1750; x_wconf 74' lang='lat' dir='ltr'><strong>xxxvi.</strong></span> <span class='ocrx_word' id='word_1_85' title='bbox 964 1663 970 1674; x_wconf 83' lang='lat'>&#39;</span> <span class='ocrx_word' id='word_1_86' title='bbox 1237 1739 1240 1744; x_wconf 85' lang='grc'><strong>,</strong></span> 
     </span>
    </p>
   </div>
   <div class='ocr_carea' id='block_1_4' title="bbox 245 1805 1396 3370">
    <p class='ocr_par' dir='ltr' id='par_1_4' title="bbox 245 1805 1396 3370">
     <span class='ocr_line' id='line_1_13' title="bbox 345 1805 1329 1909; baseline -0.001 -27"><span class='ocrx_word' id='word_1_87' title='bbox 345 1805 510 1909; x_wconf 82' lang='lat' dir='ltr'><strong>Reliqua</strong></span> <span class='ocrx_word' id='word_1_88' title='bbox 533 1809 666 1906; x_wconf 88' lang='lat' dir='ltr'><strong>paucis</strong></span> <span class='ocrx_word' id='word_1_89' title='bbox 692 1833 988 1883; x_wconf 81' lang='lat' dir='ltr'><strong>commemorare</strong></span> <span class='ocrx_word' id='word_1_90' title='bbox 1013 1813 1103 1886; x_wconf 86' lang='lat' dir='ltr'><strong>satis</strong></span> <span class='ocrx_word' id='word_1_91' title='bbox 1135 1809 1206 1882; x_wconf 86' lang='lat' dir='ltr'><strong>est.</strong></span> <span class='ocrx_word' id='word_1_92' title='bbox 1255 1809 1329 1906; x_wconf 78' lang='lat' dir='ltr'><strong>Pri·</strong></span> 
     </span>
     <span class='ocr_line' id='line_1_14' title="bbox 249 1900 1330 2005; baseline -0.001 -26"><span class='ocrx_word' id='word_1_93' title='bbox 249 1931 348 1980; x_wconf 90' lang='lat' dir='ltr'><strong>mnm</strong></span> <span class='ocrx_word' id='word_1_94' title='bbox 372 1909 490 2004; x_wconf 77' lang='lat' dir='ltr'><strong>igitur</strong></span> <span class='ocrx_word' id='word_1_95' title='bbox 513 1900 618 1998; x_wconf 87' lang='lat' dir='ltr'><strong>belli,</strong></span> <span class='ocrx_word' id='word_1_96' title='bbox 643 1909 762 2004; x_wconf 77' lang='lat' dir='ltr'><strong>pacis,</strong></span> <span class='ocrx_word' id='word_1_97' title='bbox 787 1903 983 1979; x_wconf 79' lang='lat' dir='ltr'><strong>foederum</strong></span> <span class='ocrx_word' id='word_1_98' title='bbox 1008 1911 1101 1980; x_wconf 86' lang='lat' dir='ltr'><strong>varii</strong></span> <span class='ocrx_word' id='word_1_99' title='bbox 1112 1909 1266 2005; x_wconf 83' lang='lat' dir='ltr'><strong>generis</strong></span> <span class='ocrx_word' id='word_1_100' title='bbox 1277 1909 1330 1979; x_wconf 87' lang='lat' dir='ltr'><strong>ius</strong></span> 
     </span>
     <span class='ocr_line' id='line_1_15' title="bbox 251 2000 1331 2102; baseline -0.003 -24"><span class='ocrx_word' id='word_1_101' title='bbox 251 2007 291 2078; x_wconf 90' lang='lat' dir='ltr'><strong>et</strong></span> <span class='ocrx_word' id='word_1_102' title='bbox 315 2000 513 2078; x_wconf 72' lang='lat' dir='ltr'><strong>arbitrium</strong></span> <span class='ocrx_word' id='word_1_103' title='bbox 537 2028 654 2101; x_wconf 84' lang='lat' dir='ltr'><strong>penes</strong></span> <span class='ocrx_word' id='word_1_104' title='bbox 707 2002 859 2102; x_wconf 88' lang='lat' dir='ltr'><strong>epulum</strong></span> <span class='ocrx_word' id='word_1_105' title='bbox 892 2009 985 2079; x_wconf 88' lang='lat' dir='ltr'><strong>erat.</strong></span> <span class='ocrx_word' id='word_1_106' title='bbox 1033 2006 1132 2078; x_wconf 83' lang='lat' dir='ltr'><strong>Hinc</strong></span> <span class='ocrx_word' id='word_1_107' title='bbox 1163 2005 1203 2078; x_wconf 84' lang='lat' dir='ltr'><strong>et</strong></span> <span class='ocrx_word' id='word_1_108' title='bbox 1236 2029 1331 2076; x_wconf 90' lang='lat' dir='ltr'><strong>crea·</strong></span> 
     </span>
     <span class='ocr_line' id='line_1_16' title="bbox 248 2029 1396 2199; baseline -0.004 -22"><span class='ocrx_word' id='word_1_109' title='bbox 248 2103 388 2177; x_wconf 83' lang='lat' dir='ltr'><strong>bantur</strong></span> <span class='ocrx_word' id='word_1_110' title='bbox 421 2104 459 2173; x_wconf 92' lang='lat' dir='ltr'><strong>in</strong></span> <span class='ocrx_word' id='word_1_111' title='bbox 492 2102 651 2174; x_wconf 90' lang='lat' dir='ltr'><strong>comitiis</strong></span> <span class='ocrx_word' id='word_1_112' title='bbox 677 2029 811 2199; x_wconf 76' lang='lat' dir='ltr'><strong>legati,</strong></span> <span class='ocrx_word' id='word_1_113' title='bbox 845 2102 884 2173; x_wconf 93' lang='lat' dir='ltr'><strong>et</strong></span> <span class='ocrx_word' id='word_1_114' title='bbox 907 2099 1087 2174; x_wconf 80' lang='lat' dir='ltr'><strong>mandata</strong></span> <span class='ocrx_word' id='word_1_115' title='bbox 1123 2105 1170 2174; x_wconf 87' lang='lat' dir='ltr'><strong>iis</strong></span> <span class='ocrx_word' id='word_1_116' title='bbox 1211 2099 1332 2199; x_wconf 90' lang='lat' dir='ltr'><strong>populi</strong></span> <span class='ocrx_word' id='word_1_117' title='bbox 1395 2128 1396 2180; x_wconf 74' lang='lat' dir='ltr'><strong>t</strong></span> 
     </span>
     <span class='ocr_line' id='line_1_17' title="bbox 247 2194 1331 2298; baseline -0.002 -26"><span class='ocrx_word' id='word_1_118' title='bbox 247 2202 355 2272; x_wconf 83' lang='lat' dir='ltr'><strong>iussu</strong></span> <span class='ocrx_word' id='word_1_119' title='bbox 386 2194 594 2292; x_wconf 84' lang='lat' dir='ltr'><strong>dabantur,</strong></span> <span class='ocrx_word' id='word_1_120' title='bbox 633 2201 852 2298; x_wconf 82' lang='lat' dir='ltr'><strong>reversique</strong></span> <span class='ocrx_word' id='word_1_121' title='bbox 883 2202 922 2270; x_wconf 90' lang='lat' dir='ltr'><strong>in</strong></span> <span class='ocrx_word' id='word_1_122' title='bbox 954 2196 1087 2272; x_wconf 88' lang='lat' dir='ltr'><strong>urbem</strong></span> <span class='ocrx_word' id='word_1_123' title='bbox 1127 2197 1331 2297; x_wconf 78' lang='lat' dir='ltr'><strong>legationes</strong></span> 
     </span>
     <span class='ocr_line' id='line_1_18' title="bbox 246 2292 1330 2396; baseline -0.002 -28"><span class='ocrx_word' id='word_1_124' title='bbox 246 2300 354 2396; x_wconf 86' lang='lat' dir='ltr'><strong>prins</strong></span> <span class='ocrx_word' id='word_1_125' title='bbox 378 2299 417 2368; x_wconf 92' lang='lat' dir='ltr'><strong>in</strong></span> <span class='ocrx_word' id='word_1_126' title='bbox 442 2297 588 2385; x_wconf 78' lang='lat' dir='ltr'><strong>senatu,</strong></span> <span class='ocrx_word' id='word_1_127' title='bbox 615 2292 749 2368; x_wconf 85' lang='lat' dir='ltr'><strong>deinde</strong></span> <span class='ocrx_word' id='word_1_128' title='bbox 775 2294 824 2367; x_wconf 86' lang='lat' dir='ltr'><strong>ed</strong></span> <span class='ocrx_word' id='word_1_129' title='bbox 848 2294 1028 2394; x_wconf 89' lang='lat' dir='ltr'><strong>populum</strong></span> <span class='ocrx_word' id='word_1_130' title='bbox 1054 2294 1330 2384; x_wconf 88' lang='lat' dir='ltr'><strong>renunciabant,</strong></span> 
     </span>
     <span class='ocr_line' id='line_1_19' title="bbox 247 2389 1330 2493; baseline -0.003 -26"><span class='ocrx_word' id='word_1_131' title='bbox 247 2399 411 2493; x_wconf 86' lang='lat' dir='ltr'><strong>itemque</strong></span> <span class='ocrx_word' id='word_1_132' title='bbox 438 2395 501 2492; x_wconf 92' lang='lat' dir='ltr'><strong>qni</strong></span> <span class='ocrx_word' id='word_1_133' title='bbox 526 2389 575 2464; x_wconf 89' lang='lat' dir='ltr'><strong>ab</strong></span> <span class='ocrx_word' id='word_1_134' title='bbox 601 2396 745 2466; x_wconf 89' lang='lat' dir='ltr'><strong>exteris</strong></span> <span class='ocrx_word' id='word_1_135' title='bbox 770 2396 874 2465; x_wconf 89' lang='lat' dir='ltr'><strong>missi</strong></span> <span class='ocrx_word' id='word_1_136' title='bbox 900 2401 1007 2464; x_wconf 85' lang='lat' dir='ltr'><strong>erant</strong></span> <span class='ocrx_word' id='word_1_137' title='bbox 1032 2396 1139 2491; x_wconf 85' lang='lat' dir='ltr'><strong>prius</strong></span> <span class='ocrx_word' id='word_1_138' title='bbox 1165 2391 1212 2465; x_wconf 88' lang='lat' dir='ltr'><strong>ad</strong></span> <span class='ocrx_word' id='word_1_139' title='bbox 1230 2418 1330 2465; x_wconf 87' lang='lat' dir='ltr'><strong>sena·</strong></span> 
     </span>
     <span class='ocr_line' id='line_1_20' title="bbox 247 2485 1329 2588; baseline -0.002 -24"><span class='ocrx_word' id='word_1_140' title='bbox 247 2493 339 2585; x_wconf 86' lang='lat' dir='ltr'><strong>tum,</strong></span> <span class='ocrx_word' id='word_1_141' title='bbox 366 2488 451 2562; x_wconf 88' lang='lat' dir='ltr'><strong>bino</strong></span> <span class='ocrx_word' id='word_1_142' title='bbox 476 2485 524 2578; x_wconf 85' lang='lat' dir='ltr'><strong>ad</strong></span> <span class='ocrx_word' id='word_1_143' title='bbox 548 2487 728 2588; x_wconf 86' lang='lat' dir='ltr'><strong>populum</strong></span> <span class='ocrx_word' id='word_1_144' title='bbox 754 2487 1083 2588; x_wconf 78' lang='lat' dir='ltr'><strong>producebantur,</strong></span> <span class='ocrx_word' id='word_1_145' title='bbox 1114 2486 1264 2564; x_wconf 84' lang='lat' dir='ltr'><strong>solebat</strong></span> <span class='ocrx_word' id='word_1_146' title='bbox 1288 2513 1329 2562; x_wconf 89' lang='lat' dir='ltr'><strong>ue</strong></span> 
     </span>
     <span class='ocr_line' id='line_1_21' title="bbox 247 2583 1394 2685; baseline -0.002 -23"><span class='ocrx_word' id='word_1_147' title='bbox 247 2587 307 2662; x_wconf 81' lang='lat' dir='ltr'><strong>lris</strong></span> <span class='ocrx_word' id='word_1_148' title='bbox 348 2587 482 2660; x_wconf 83' lang='lat' dir='ltr'><strong>concio</strong></span> <span class='ocrx_word' id='word_1_149' title='bbox 517 2589 554 2658; x_wconf 90' lang='lat' dir='ltr'><strong>in</strong></span> <span class='ocrx_word' id='word_1_150' title='bbox 589 2589 703 2660; x_wconf 83' lang='lat' dir='ltr'><strong>tertie</strong></span> <span class='ocrx_word' id='word_1_151' title='bbox 735 2585 895 2660; x_wconf 87' lang='lat' dir='ltr'><strong>eeclesia</strong></span> <span class='ocrx_word' id='word_1_152' title='bbox 925 2583 1095 2685; x_wconf 81' lang='lat' dir='ltr'><strong>legitima</strong></span> <span class='ocrx_word' id='word_1_153' title='bbox 1128 2585 1223 2660; x_wconf 83' lang='lat' dir='ltr'><strong>dari.</strong></span> <span class='ocrx_word' id='word_1_154' title='bbox 1310 2611 1328 2659; x_wconf 87' lang='lat' dir='ltr'><strong>e</strong></span> <span class='ocrx_word' id='word_1_155' title='bbox 1393 2606 1394 2684; x_wconf 74' lang='lat' dir='ltr'>j</span> 
     </span>
     <span class='ocr_line' id='line_1_22' title="bbox 248 2681 1328 2860; baseline -0.015 0"><span class='ocrx_word' id='word_1_156' title='bbox 248 2683 469 2860; x_wconf 57' lang='lat' dir='ltr'><strong>Sillii?</strong></span> <span class='ocrx_word' id='word_1_157' title='bbox 483 2681 1328 2856; x_wconf 55' lang='lat' dir='ltr'><strong>tittbiblii?ttilitiilzttt</strong></span> 
     </span>
     <span class='ocr_line' id='line_1_23' title="bbox 246 2807 1326 2982; baseline -0.007 -24"><span class='ocrx_word' id='word_1_158' title='bbox 246 2807 1326 2982; x_wconf 66' lang='lat' dir='ltr'><strong>letpraeficlbbbthostibusdeviclisebodicionellimpone·</strong></span> 
     </span>
     <span class='ocr_line' id='line_1_24' title="bbox 245 2972 1326 3078; baseline -0.008 -23"><span class='ocrx_word' id='word_1_159' title='bbox 245 2975 314 3056; x_wconf 80' lang='lat' dir='ltr'><strong>bet</strong></span> <span class='ocrx_word' id='word_1_160' title='bbox 329 2979 372 3071; x_wconf 85' lang='lat'><strong>¹).</strong></span> <span class='ocrx_word' id='word_1_161' title='bbox 384 2979 516 3078; x_wconf 88' lang='lat' dir='ltr'><strong>Neque</strong></span> <span class='ocrx_word' id='word_1_162' title='bbox 527 2972 1016 3074; x_wconf 86' lang='lat' dir='ltr'><strong>minuspecunieepublicae</strong></span> <span class='ocrx_word' id='word_1_163' title='bbox 1026 2974 1326 3075; x_wconf 85' lang='lat' dir='ltr'><strong>dispensatiopo-</strong></span> 
     </span>
     <span class='ocr_line' id='line_1_25' title="bbox 246 3069 1326 3176; baseline -0.006 -27"><span class='ocrx_word' id='word_1_164' title='bbox 246 3075 326 3176; x_wconf 90' lang='lat' dir='ltr'><strong>puli</strong></span> <span class='ocrx_word' id='word_1_165' title='bbox 340 3077 445 3149; x_wconf 86' lang='lat' dir='ltr'><strong>scitis</strong></span> <span class='ocrx_word' id='word_1_166' title='bbox 454 3069 984 3173; x_wconf 85' lang='lat' dir='ltr'><strong>praescribebatur‚qunntnm</strong></span> <span class='ocrx_word' id='word_1_167' title='bbox 998 3075 1035 3146; x_wconf 92' lang='lat' dir='ltr'><strong>in</strong></span> <span class='ocrx_word' id='word_1_168' title='bbox 1047 3099 1164 3172; x_wconf 86' lang='lat' dir='ltr'><strong>opera</strong></span> <span class='ocrx_word' id='word_1_169' title='bbox 1173 3071 1326 3173; x_wconf 89' lang='lat' dir='ltr'><strong>publica,</strong></span> 
     </span>
     <span class='ocr_line' id='line_1_26' title="bbox 245 3166 1325 3276; baseline -0.006 -30"><span class='ocrx_word' id='word_1_170' title='bbox 245 3180 424 3276; x_wconf 86' lang='lat' dir='ltr'><strong>qnantum</strong></span> <span class='ocrx_word' id='word_1_171' title='bbox 440 3175 478 3244; x_wconf 91' lang='lat' dir='ltr'><strong>in</strong></span> <span class='ocrx_word' id='word_1_172' title='bbox 490 3168 586 3245; x_wconf 84' lang='lat' dir='ltr'><strong>alias</strong></span> <span class='ocrx_word' id='word_1_173' title='bbox 597 3173 843 3246; x_wconf 81' lang='lat' dir='ltr'><strong>necessitates</strong></span> <span class='ocrx_word' id='word_1_174' title='bbox 857 3168 1091 3270; x_wconf 80' lang='lat' dir='ltr'><strong>erogandum</strong></span> <span class='ocrx_word' id='word_1_175' title='bbox 1105 3179 1207 3243; x_wconf 86' lang='lat' dir='ltr'><strong>esset</strong></span> <span class='ocrx_word' id='word_1_176' title='bbox 1221 3199 1229 3264; x_wconf 84' lang='lat'><em>3</em></span> <span class='ocrx_word' id='word_1_177' title='bbox 1244 3166 1325 3243; x_wconf 85' lang='lat' dir='ltr'><strong>deti·</strong></span> 
     </span>
     <span class='ocr_line' id='line_1_27' title="bbox 248 3265 1323 3370; baseline -0.005 -26"><span class='ocrx_word' id='word_1_178' title='bbox 248 3275 443 3370; x_wconf 89' lang='lat' dir='ltr'><strong>eienteque</strong></span> <span class='ocrx_word' id='word_1_179' title='bbox 469 3272 618 3344; x_wconf 87' lang='lat' dir='ltr'><strong>aerario</strong></span> <span class='ocrx_word' id='word_1_180' title='bbox 644 3265 906 3365; x_wconf 78' lang='lat' dir='ltr'><strong>augendorum</strong></span> <span class='ocrx_word' id='word_1_181' title='bbox 932 3274 997 3342; x_wconf 90' lang='lat' dir='ltr'><strong>aut</strong></span> <span class='ocrx_word' id='word_1_182' title='bbox 1021 3265 1173 3342; x_wconf 90' lang='lat' dir='ltr'><strong>tributis</strong></span> <span class='ocrx_word' id='word_1_183' title='bbox 1189 3271 1254 3340; x_wconf 89' lang='lat' dir='ltr'><strong>aut</strong></span> <span class='ocrx_word' id='word_1_184' title='bbox 1272 3291 1323 3339; x_wconf 89' lang='lat' dir='ltr'><strong>re·</strong></span> 
     </span>
    </p>
   </div>
   <div class='ocr_carea' id='block_1_5' title="bbox 246 3413 446 3432">
    <p class='ocr_par' dir='ltr' id='par_1_5' title="bbox 246 3413 446 3432">
     <span class='ocr_line' id='line_1_28' title="bbox 246 3413 446 3432; baseline -0.005 -5"><span class='ocrx_word' id='word_1_185' title='bbox 246 3413 446 3432; x_wconf 52' lang='grc' dir='ltr'><strong>Μι-</strong></span> 
     </span>
    </p>
   </div>
   <div class='ocr_carea' id='block_1_6' title="bbox 245 3473 1325 3698">
    <p class='ocr_par' dir='ltr' id='par_1_6' title="bbox 245 3473 1325 3698">
     <span class='ocr_line' id='line_1_29' title="bbox 318 3473 1324 3549; baseline -0.006 -17"><span class='ocrx_word' id='word_1_186' title='bbox 318 3477 349 3547; x_wconf 85' lang='grc'><strong>7)</strong></span> <span class='ocrx_word' id='word_1_187' title='bbox 368 3478 468 3549; x_wconf 76' lang='lat' dir='ltr'><strong>Pergit</strong></span> <span class='ocrx_word' id='word_1_188' title='bbox 485 3475 688 3530; x_wconf 83' lang='lat' dir='ltr'><strong>Philochorus:</strong></span> <span class='ocrx_word' id='word_1_189' title='bbox 706 3473 809 3548; x_wconf 72' lang='grc' dir='ltr'><strong>ὕστερον</strong></span> <span class='ocrx_word' id='word_1_190' title='bbox 825 3473 854 3528; x_wconf 74' lang='grc' dir='ltr'><strong>δὲ</strong></span> <span class='ocrx_word' id='word_1_191' title='bbox 870 3475 983 3545; x_wconf 75' lang='lat' dir='ltr'><strong>tys&#39;vem</strong></span> <span class='ocrx_word' id='word_1_192' title='bbox 998 3478 1077 3529; x_wconf 74' lang='grc' dir='ltr'><em>πέντε.</em></span> <span class='ocrx_word' id='word_1_193' title='bbox 1098 3473 1250 3548; x_wconf 79' lang='lat' dir='ltr'><strong>additqner</strong></span> <span class='ocrx_word' id='word_1_194' title='bbox 1267 3489 1324 3542; x_wconf 68' lang='lat' dir='ltr'><strong>naq·</strong></span> 
     </span>
     <span class='ocr_line' id='line_1_30' title="bbox 245 3541 1325 3622; baseline -0.006 -16"><span class='ocrx_word' id='word_1_195' title='bbox 245 3549 374 3620; x_wconf 76' lang='grc' dir='ltr'><strong><em>ποῦμενον</em></strong></span> <span class='ocrx_word' id='word_1_196' title='bbox 393 3547 425 3606; x_wconf 75' lang='grc' dir='ltr'><strong>τὰ</strong></span> <span class='ocrx_word' id='word_1_197' title='bbox 449 3548 549 3613; x_wconf 73' lang='grc' dir='ltr'><strong>ἑαυτοῦ,</strong></span> <span class='ocrx_word' id='word_1_198' title='bbox 573 3545 611 3620; x_wconf 70' lang='grc' dir='ltr'><strong>μὴ</strong></span> <span class='ocrx_word' id='word_1_199' title='bbox 632 3550 796 3618; x_wconf 57' lang='lat' dir='ltr'><strong>euredum</strong></span> <span class='ocrx_word' id='word_1_200' title='bbox 818 3543 885 3606; x_wconf 72' lang='lat' dir='ltr'><strong>orte</strong></span> <span class='ocrx_word' id='word_1_201' title='bbox 905 3551 981 3620; x_wconf 77' lang='grc' dir='ltr'><strong>Πὲρα</strong></span> <span class='ocrx_word' id='word_1_202' title='bbox 1004 3546 1046 3602; x_wconf 74' lang='grc' dir='ltr'><strong>τοῦ</strong></span> <span class='ocrx_word' id='word_1_203' title='bbox 1069 3544 1165 3613; x_wconf 79' lang='lat' dir='ltr'><strong>[scrib.</strong></span> <span class='ocrx_word' id='word_1_204' title='bbox 1189 3541 1325 3622; x_wconf 61' lang='lat' dir='ltr'><strong>repeseni]</strong></span> 
     </span>
     <span class='ocr_line' id='line_1_31' title="bbox 247 3621 542 3698; baseline -0.02 -18"><span class='ocrx_word' id='word_1_205' title='bbox 247 3625 362 3694; x_wconf 66' lang='lat' dir='ltr'><strong>utpotae</strong></span> <span class='ocrx_word' id='word_1_206' title='bbox 377 3621 542 3698; x_wconf 66' lang='grc' dir='ltr'><strong>ἀκρωτηρίου.</strong></span> 
     </span>
    </p>
   </div>
   <div class='ocr_carea' id='block_1_7' title="bbox 315 3725 1000 4014">
    <p class='ocr_par' dir='ltr' id='par_1_7' title="bbox 315 3725 1000 4014">
     <span class='ocr_line' id='line_1_32' title="bbox 316 3725 741 3802; baseline -0.009 -14"><span class='ocrx_word' id='word_1_207' title='bbox 316 3729 349 3802; x_wconf 92' lang='grc'><strong>8)</strong></span> <span class='ocrx_word' id='word_1_208' title='bbox 369 3730 414 3785; x_wconf 79' lang='lat' dir='ltr'><strong>cf.</strong></span> <span class='ocrx_word' id='word_1_209' title='bbox 435 3729 509 3784; x_wconf 84' lang='lat' dir='ltr'><strong>Plnt.</strong></span> <span class='ocrx_word' id='word_1_210' title='bbox 527 3725 631 3784; x_wconf 83' lang='lat' dir='ltr'><strong>Pericl.</strong></span> <span class='ocrx_word' id='word_1_211' title='bbox 651 3745 677 3780; x_wconf 84' lang='lat' dir='ltr'><strong>c.</strong></span> <span class='ocrx_word' id='word_1_212' title='bbox 697 3725 741 3784; x_wconf 86' lang='lat'><strong>10.</strong></span> 
     </span>
     <span class='ocr_line' id='line_1_33' title="bbox 315 3834 663 3906; baseline -0.006 -12"><span class='ocrx_word' id='word_1_213' title='bbox 315 3837 345 3906; x_wconf 84' lang='grc'><strong>9)</strong></span> <span class='ocrx_word' id='word_1_214' title='bbox 364 3841 410 3894; x_wconf 83' lang='lat' dir='ltr'><strong>De</strong></span> <span class='ocrx_word' id='word_1_215' title='bbox 429 3840 534 3892; x_wconf 72' lang='lat' dir='ltr'><strong>comite</strong></span> <span class='ocrx_word' id='word_1_216' title='bbox 552 3848 581 3901; x_wconf 77' lang='lat' dir='ltr'><strong>p.</strong></span> <span class='ocrx_word' id='word_1_217' title='bbox 600 3834 663 3892; x_wconf 78' lang='grc'><strong>247.</strong></span> 
     </span>
     <span class='ocr_line' id='line_1_34' title="bbox 316 3936 1000 4014; baseline -0.018 -12"><span class='ocrx_word' id='word_1_218' title='bbox 316 3945 363 4014; x_wconf 87' lang='grc'><strong>10)</strong></span> <span class='ocrx_word' id='word_1_219' title='bbox 380 3944 426 4004; x_wconf 86' lang='lat' dir='ltr'><strong>cf.</strong></span> <span class='ocrx_word' id='word_1_220' title='bbox 444 3945 546 3999; x_wconf 85' lang='lat' dir='ltr'><strong>llIeicr.</strong></span> <span class='ocrx_word' id='word_1_221' title='bbox 567 3943 603 3998; x_wconf 86' lang='lat' dir='ltr'><strong>dc</strong></span> <span class='ocrx_word' id='word_1_222' title='bbox 620 3943 689 4000; x_wconf 86' lang='lat' dir='ltr'><strong>bon.</strong></span> <span class='ocrx_word' id='word_1_223' title='bbox 708 3940 802 3994; x_wconf 77' lang='lat' dir='ltr'><strong>damn.</strong></span> <span class='ocrx_word' id='word_1_224' title='bbox 822 3951 849 4006; x_wconf 78' lang='lat' dir='ltr'><strong>p.</strong></span> <span class='ocrx_word' id='word_1_225' title='bbox 867 3936 922 3993; x_wconf 89' lang='grc'><strong>228</strong></span> <span class='ocrx_word' id='word_1_226' title='bbox 939 3955 1000 4009; x_wconf 76' lang='lat' dir='ltr'><strong>sqq.</strong></span> 
     </span>
    </p>
   </div>
   <div class='ocr_carea' id='block_1_8' title="bbox 243 4037 1322 4196">
    <p class='ocr_par' dir='ltr' id='par_1_8' title="bbox 243 4037 1322 4196">
     <span class='ocr_line' id='line_1_35' title="bbox 316 4037 1322 4122; baseline -0.019 -14"><span class='ocrx_word' id='word_1_227' title='bbox 316 4049 366 4122; x_wconf 91' lang='lat' dir='ltr'><strong>ll)</strong></span> <span class='ocrx_word' id='word_1_228' title='bbox 385 4050 536 4106; x_wconf 84' lang='lat' dir='ltr'><strong>Demestb.</strong></span> <span class='ocrx_word' id='word_1_229' title='bbox 555 4053 586 4104; x_wconf 88' lang='lat' dir='ltr'><strong>in</strong></span> <span class='ocrx_word' id='word_1_230' title='bbox 606 4052 730 4104; x_wconf 81' lang='lat' dir='ltr'><strong>Timocr.</strong></span> <span class='ocrx_word' id='word_1_231' title='bbox 750 4061 776 4114; x_wconf 77' lang='grc' dir='ltr'><strong>Ρ.</strong></span> <span class='ocrx_word' id='word_1_232' title='bbox 787 4047 840 4104; x_wconf 81' lang='grc'><strong>714</strong></span> <span class='ocrx_word' id='word_1_233' title='bbox 858 4065 901 4118; x_wconf 81' lang='lat' dir='ltr'><strong>sq.</strong></span> <span class='ocrx_word' id='word_1_234' title='bbox 928 4047 974 4102; x_wconf 87' lang='lat' dir='ltr'><strong>De</strong></span> <span class='ocrx_word' id='word_1_235' title='bbox 994 4048 1100 4100; x_wconf 78' lang='lat' dir='ltr'><strong>comiti.</strong></span> <span class='ocrx_word' id='word_1_236' title='bbox 1119 4041 1222 4115; x_wconf 72' lang='grc' dir='ltr'><strong>Ρ.288.</strong></span> <span class='ocrx_word' id='word_1_237' title='bbox 1249 4037 1322 4094; x_wconf 85' lang='lat' dir='ltr'><strong>Plet-</strong></span> 
     </span>
     <span class='ocr_line' id='line_1_36' title="bbox 243 4122 659 4196; baseline -0.024 -12"><span class='ocrx_word' id='word_1_238' title='bbox 243 4143 306 4184; x_wconf 76' lang='lat' dir='ltr'><strong>uer·</strong></span> <span class='ocrx_word' id='word_1_239' title='bbox 324 4127 408 4182; x_wconf 85' lang='lat' dir='ltr'><strong>Proc.</strong></span> <span class='ocrx_word' id='word_1_240' title='bbox 425 4126 441 4178; x_wconf 88' lang='lat' dir='ltr'><strong>l</strong></span> <span class='ocrx_word' id='word_1_241' title='bbox 458 4145 486 4196; x_wconf 83' lang='lat' dir='ltr'><strong>p.</strong></span> <span class='ocrx_word' id='word_1_242' title='bbox 497 4122 659 4178; x_wconf 69' lang='lat' dir='ltr'><strong>‹lib-lib.</strong></span> 
     </span>
    </p>
   </div>
   <div class='ocr_carea' id='block_1_9' title="bbox 230 4223 1015 4312">
    <p class='ocr_par' dir='ltr' id='par_1_9' title="bbox 230 4223 1015 4312">
     <span class='ocr_line' id='line_1_37' title="bbox 230 4223 1015 4312; baseline -0.022 -19"><span class='ocrx_word' id='word_1_243' title='bbox 230 4307 233 4312; x_wconf 24' lang='grc' dir='ltr'>Ι</span> <span class='ocrx_word' id='word_1_244' title='bbox 316 4227 349 4300; x_wconf 90' lang='lat' dir='ltr'><strong>l)</strong></span> <span class='ocrx_word' id='word_1_245' title='bbox 369 4230 440 4286; x_wconf 79' lang='lat' dir='ltr'><strong>vid.</strong></span> <span class='ocrx_word' id='word_1_246' title='bbox 460 4229 496 4284; x_wconf 84' lang='lat' dir='ltr'><strong>de</strong></span> <span class='ocrx_word' id='word_1_247' title='bbox 515 4231 624 4302; x_wconf 74' lang='lat' dir='ltr'><strong>comiti.</strong></span> <span class='ocrx_word' id='word_1_248' title='bbox 644 4225 694 4284; x_wconf 83' lang='lat' dir='ltr'><strong>lib.</strong></span> <span class='ocrx_word' id='word_1_249' title='bbox 712 4227 741 4283; x_wconf 89' lang='grc' dir='ltr'>Π</span> <span class='ocrx_word' id='word_1_250' title='bbox 758 4244 784 4280; x_wconf 84' lang='lat' dir='ltr'><strong>e.</strong></span> <span class='ocrx_word' id='word_1_251' title='bbox 802 4225 820 4281; x_wconf 90' lang='grc'><strong>8</strong></span> <span class='ocrx_word' id='word_1_252' title='bbox 838 4245 865 4298; x_wconf 80' lang='lat' dir='ltr'><strong>p.</strong></span> <span class='ocrx_word' id='word_1_253' title='bbox 883 4223 936 4280; x_wconf 88' lang='grc'><strong>281</strong></span> <span class='ocrx_word' id='word_1_254' title='bbox 955 4241 1015 4296; x_wconf 80' lang='lat' dir='ltr'><strong>sqq.</strong></span> 
     </span>
    </p>
   </div>
   <div class='ocr_carea' id='block_1_10' title="bbox 0 0 1416 5082">
    <p class='ocr_par' dir='ltr' id='par_1_10' title="bbox 0 0 1416 5082">
     <span class='ocr_line' id='line_1_38' title="bbox 0 0 1416 5082; baseline 0 2"><span class='ocrx_word' id='word_1_255' title='bbox 0 0 1416 5082; x_wconf 95' lang='lat' dir='ltr'><strong> </strong></span> 
     </span>
    </p>
   </div>
  </div>
 </body>
</html>
