2822 5082
274 345 350 424 aas
477 347 517 421 V.
541 347 601 422 Do
625 370 671 422 re
687 347 847 448 publico
869 345 1168 424 arcamarcaa.

277 526 498 620 videbatur,
529 531 572 601 ut
604 530 642 602 iu
674 525 761 602 loro
795 529 835 604 et
866 531 1081 604 mercatura
1111 530 1217 606 recle
1242 537 1346 608 omnia

279 633 394 728 atque
420 623 553 709 ordine
586 629 793 723 agerentur
806 628 855 720 ³).
905 629 947 700 lu
963 626 1075 702 simili
1094 653 1239 724 genere
1255 634 1345 704 etiam

280 722 566 823 Sitopbylaoum
592 748 684 796 cura
709 721 946 817 versabatur,
972 728 1036 825 qui
1061 723 1151 798 olim
1178 729 1268 819 tres,
1291 755 1347 826 po·

280 825 366 897 stea
397 819 625 922 quindecim,
659 821 698 894 et
723 819 851 894 decem
877 820 1025 922 quidem
1050 825 1088 894 in
1107 819 1231 914 urbe,
1262 828 1348 923 quin·

281 945 354 1018 qne
378 920 417 994 in
441 918 606 992 Piraeeo
632 918 752 1008 erant,
778 925 817 992 et
841 916 1153 992 dardanariorum
1180 944 1226 992 ac
1249 925 1350 1019 pisto·
1394 953 1395 996 ς

280 1041 364 1092 rum
391 1017 563 1116 quaestui
587 1012 836 1111 invigilabant
848 1013 902 1107 l⁸):
927 1019 1017 1088 item
1043 1042 1092 1088 ue
1109 1018 1350 1100 Metronome·
1394 1049 1395 1054 ¹

279 1137 376 1206 rum,
398 1108 723 1213 quornmtotidem
736 1113 772 1182 in
788 1111 881 1186 urbe
903 1117 941 1186 et
964 1115 1001 1186 in
1015 1041 1177 1186 liraeeo
1197 1107 1352 1212 pondera

282 1236 328 1284 ac
353 1235 550 1284 mensuras
575 1205 842 1283 examinabant
867 1217 905 1282 et
929 1205 1145 1307 probabant
1158 1208 1216 1294 ⁵)..
1241 1212 1353 1309 Nego·
1395 1289 1396 1330 Ρ

281 1309 432 1388 tiationi
457 1310 581 1380 autem
606 1308 816 1388 maritimae
840 1305 1092 1405 invigilabant
1115 1307 1284 1405 Emporii
1305 1335 1354 1382 cu·
1395 1371 1396 1382 ,

281 1411 434 1478 ratores
464 1401 593 1484 decem
625 1409 729 1476 sorte
761 1406 897 1493 creati,
930 1430 978 1478 ne
1003 1399 1092 1504 quid
1116 1408 1155 1476 in
1182 1403 1353 1479 mercibus
1395 1425 1396 1430 ’

282 1498 503 1577 invebeudis
529 1497 824 1598 exportandisve
858 1509 992 1574 contra
1024 1500 1131 1596 leges
1164 1505 1354 1580 committe·

282 1599 390 1676 retur
415 1595 463 1674 ab
488 1599 548 1690 iis,
575 1600 638 1696 qui
661 1598 777 1695 portu
802 1599 927 1673 Attico
953 1593 1158 1672 utebantur
1171 1601 1215 1689 ⁶),
1251 1601 1354 1700 Atque

150 1753 158 1764 .
284 1694 323 1770 bi
350 1719 480 1770 omnes
504 1695 753 1790 magistratus
779 1699 892 1768 etiam
916 1698 1009 1768 iuris
1035 1692 1237 1769 dictionem
1262 1721 1355 1770 exer·

285 1789 423 1865 cebant
446 1795 484 1864 in
510 1788 693 1863 eiusmodi
718 1795 855 1884 causis,
882 1818 977 1893 quae
1003 1816 1086 1864 cum
1112 1791 1355 1893 cuiusquead·

284 1890 559 1961 ministratione
586 1892 807 1962 coniunctae
833 1897 980 1983 essent,
1012 1891 1092 1961 sive
1119 1885 1256 1962 delicta
1280 1915 1357 1988 erga

283 1980 578 2085 rempublicam
603 1984 841 2078 vindicanda,
866 1989 944 2061 sive
970 1988 1253 2061 controversiae
1277 1991 1357 2062 inter

284 2085 456 2181 privatos
482 2080 714 2156 dirimendae
740 2088 869 2181 erant3
895 2086 969 2156 nisi
994 2078 1095 2183 quud
1122 2079 1168 2157 dc
1200 2088 1358 2180 negotia·

286 2186 413 2252 torum
444 2181 713 2252 controversiis
744 2183 864 2268 (δίκαις
886 2179 1073 2272 tamam)
1098 2181 1156 2252 ius
1181 2206 1206 2254 a
1230 2183 1358 2255 Naulo-

286 2272 394 2370 dicis,
418 2278 508 2375 post
531 2302 555 2360 a
581 2273 864 2362 Thesmotbetis
889 2273 1144 2372 dicebatnrl).

731 2453 765 2533 t.
790 2445 931 2522 XLIV.

383 2575 562 2652 Pecuniis
592 2580 648 2652 rei
676 2576 852 2678 publicae
884 2574 1121 2675 colligendis,
1160 2575 1361 2652 custodien-

290 2668 359 2765 dis,
374 2669 638 2772 dispensandis
655 2676 760 2749 multi
778 2675 835 2752 vel
844 2677 1089 2772 magistratus
1108 2673 1164 2748 vel
1179 2683 1361 2748 curatores
1395 2684 1396 2756 j

289 2795 335 2842 ac
359 2772 518 2843 ministri
532 2797 687 2870 operam
713 2769 869 2861 dabant,
895 2769 1256 2865 aliiordinarii,alii
1270 2774 1364 2846 extra

291 2865 475 2960 ordinem,
501 2877 565 2942 aut
590 2878 694 2942 sorte
720 2879 784 2944 aut
809 2869 1002 2966 suffragiis
1028 2872 1159 2942 creati.
1215 2873 1271 2942 Ac
1300 2871 1364 2967 pri·

289 2988 388 3036 mum
412 2964 619 3038 Praetores
651 2978 758 3039 erant
791 2976 894 3039 sorte
920 2969 1037 3062 creati
1053 2968 1104 3058 ¹),
1138 2964 1184 3038 de
1219 2989 1363 3064 quorum

289 3085 549 3135 numeronon
575 3064 737 3141 constat.
786 3065 835 3137 lli
866 3061 1023 3136 mulctas
1048 3089 1072 3136 a
1096 3061 1365 3160 magistratibus
1397 3137 1398 3146 χ

292 3160 357 3228 aut
381 3156 566 3232 iudicibus
592 3163 802 3256 impositae,
829 3187 925 3260 qnae
952 3157 1100 3260 quidem
1125 3162 1164 3232 iu
1188 3157 1364 3257 publicum
1397 3171 1399 3288 Ι

293 3251 491 3348 cederent,
533 3259 739 3354 exigebant
752 3259 805 3350 ²),
845 3259 1076 3357 exactasque
1115 3253 1392 3354 receptoribus'

290 3348 551 3441 numerabant.
599 3355 727 3444 Porro
752 3353 909 3445 Poletae
936 3351 1077 3447 decem,
1103 3357 1166 3456 qui
1192 3359 1231 3427 et
1254 3350 1363 3453 publi·

283 3577 287 3585 ’
357 3517 392 3627 Ι3)
412 3519 551 3630 llarpocr.
571 3579 597 3615 s.
614 3579 642 3614 v.
661 3559 728 3616 κατὰ
743 3545 787 3630 silv
803 3561 913 3638 ἀγοράν.
950 3563 1037 3616 Petit.
1055 3561 1145 3632 Iregg.
1164 3561 1226 3614 Aa
1243 3579 1269 3632 p.
1288 3553 1366 3612 495st

363 3661 397 3731 4)
417 3666 461 3718 De
478 3664 578 3719 borum
596 3685 717 3722 numero
736 3677 766 3721 et
781 3671 906 3738 negotiis
924 3667 982 3721 vid.
1000 3667 1127 3722 Boeclrb.
1148 3668 1168 3722 l.
1186 3667 1207 3722 l.
1225 3687 1253 3741 p.
1270 3667 1313 3721 90.
1331 3664 1358 3718 91

290 3843 329 3894 m·
330 3768 456 3896 231).st
476 3773 517 3827 ib.
539 3785 568 3846 Ρ.
592 3777 636 3829 aa.
656 3776 706 3841 53,
729 3775 781 3837 ubi
805 3782 834 3830 et
858 3776 893 3830 de
918 3778 1113 3848 prometretis,
1135 3783 1363 3832 metrononorun

295 3895 297 3909 ,
321 3861 329 3894 ι
387 3861 436 3898 ras.
483 3873 486 3878 r

362 3945 395 4019 6)
414 3951 515 4004 Meier.
533 3910 698 4010 Praesto.
716 3965 746 4020 Ρ.
764 3953 809 4010 86.
828 3954 873 4010 87.

302 4133 306 4146 1
365 4054 397 4124 l)
415 4057 458 4111 ld.
473 4059 515 4112 ib.
534 4071 562 4138 Ρ.
581 4059 710 4115 83-86.
746 4062 792 4117 (il.
812 4061 878 4116 inlr.
898 4081 960 4134 cap.
979 4061 997 4116 6
1016 4060 1042 4126 §.
1061 4062 1107 4116 ὅθ.

365 4161 394 4228 l)
412 4163 482 4218 Irex.
500 4167 623 4236 Segusa.
641 4179 669 4233 Ρ.
688 4169 749 4238 190,
767 4169 827 4224 aa,
1020 4165 1022 4172 ¹

365 4271 384 4324 ‘d
478 4290 493 4324 o
573 4271 651 4344 dour
666 4292 694 4326 v.
712 4275 930 4350 dasypdpovwit
945 4275 1098 4352 πράκτορσιν
1121 4277 1139 4328 i.
1159 4295 1185 4348 q.
1203 4291 1303 4330 nomen
1321 4267 1365 4321 tli-

284 4349 287 4354 '
333 4341 376 4396 'us
423 4345 583 4399 rectoribus
609 4344 738 4426 indicare
766 4347 803 4402 ad
831 4345 967 4416 mucltam
990 4345 1171 4428 exigendam.
1210 4347 1317 4416 Audeo.
1335 4339 1365 4392 de
