2814 5080
276 417 351 494 308
470 408 519 482 V.
544 404 603 477 De
627 419 672 470 re
691 393 849 500 publico
872 384 1171 464 Atheochosium.

284 627 368 684 rum
393 593 628 670 scenicorum
655 575 788 654 diebus
813 571 1063 673 pauperiores
1086 565 1248 660 pretium
1272 557 1362 652 illud,

287 695 388 804 quod
413 690 588 764 hinorum
615 679 727 774 vulgo
760 670 961 746 obolorum
987 663 1130 756 eratAE),
1156 660 1203 734 de
1221 657 1363 758 pnhhco

287 793 514 893 acciperent.
564 773 714 853 Ahhis
744 772 860 844 initiis
895 771 981 838 orta
1012 787 1076 836 res
1105 783 1198 832 mox
1223 759 1286 829 ion
1317 759 1364 826 ins
1404 761 1405 804 ³

285 889 485 1003 processit,
511 877 607 952 adeo
632 874 737 946 utin
763 866 869 941 iestis
892 861 1096 1031 verisque,
1122 859 1234 929 etiam
1254 781 1366 926 sidudi
1404 887 1405 970 ,

288 990 427 1076 scenici
452 976 544 1054 nulii
569 971 709 1061 essent,
733 969 858 1040 tamen
883 958 948 1032 ila
971 958 1132 1056 pecnnia
1189 948 1263 1024 lehi
1288 947 1367 1020 divi-

288 1089 461 1174 deretur,
502 1074 582 1149 hini
612 1074 650 1142 iu
676 1060 848 1162 singulos
873 1055 954 1129 dies
978 1053 1099 1127 festos
1131 979 1254 1136 oholi,
1285 1071 1368 1147 qua·

289 1190 387 1267 terni
415 1184 453 1254 in
480 1171 644 1257 biduum,
681 1158 858 1236 drachma
881 1158 922 1225 iu
944 1148 1126 1224 triduum:
1166 1170 1254 1220 nam
1279 1142 1370 1215 ultra

288 1280 501 1364 drachmam
526 1292 602 1341 non
626 1260 773 1336 videtur
813 1252 939 1326 datum
970 1272 1054 1321 csse
1068 1250 1113 1337 ⁶).
1161 1244 1211 1316 Et
1235 1243 1369 1314 Demo·
1404 1283 1405 1310 r

289 1365 606 1492 stheuisuquidcm
637 1358 762 1433 aetate
791 1349 892 1425 iilam
917 1347 1371 1486 oecuniam7·ncqnaqnam

288 1447 831 1654 iiidi'ii‘iis‘idghiid
866 1435 1372 1636 tithtttttmhtfth

291 1677 378 1750 hinc
409 1665 515 1764 patet
540 1652 640 1756 quod
666 1646 728 1722 01.
752 1645 823 1720 XC
907 1642 932 1713 3
962 1663 986 1708 a
1017 1627 1282 1734 quaestoribus
1307 1629 1373 1700 Mi·

291 1791 431 1848 nervae
455 1765 494 1833 in
520 1748 734 1835 diobeiiam,
760 1741 796 1814 h.
823 1765 857 1812 c.
883 1741 921 1808 iu
945 1732 1128 1822 theorica,
1159 1729 1274 1802 tertia
1301 1728 1374 1798 cius

293 1868 382 1945 anni
412 1856 588 1960 prytanis
617 1845 692 1920 duo
725 1837 890 1927 talenta,
928 1831 1064 1930 quarta
1093 1827 1268 1926 prytanin
1293 1823 1373 1894 ocio

292 1963 438 2042 talenta
462 1977 545 2029 oum
569 1943 668 2021 milio
694 1935 851 2035 amphus
876 1925 1075 2016 drachmis,
1101 1926 1228 2022 quinta
1253 1922 1374 2018 pryta-

228 2070 231 2076 ’
293 2068 357 2140 nia
382 2060 559 2158 quattuor
583 2040 726 2118 talenta
751 2026 919 2106 cumbis
944 2020 1043 2097 misse
1063 2019 1234 2094 ducentis
1249 2013 1375 2089 drach·

293 2164 384 2248 mis,
424 2152 583 2250 septima
614 2138 773 2234 denique
807 2126 984 2242 prytanin
1017 2117 1092 2192 duo
1125 2114 1269 2189 talenta
1302 2135 1374 2184 cum

297 2251 483 2332 drachmis
508 2239 608 2318 mille
635 2229 806 2307 ducentis
830 2221 990 2318 triginta
1015 2211 1160 2289 duabus
1190 2211 1376 2284 numerata

296 2355 458 2450 legimus
479 2345 531 2441 8);
576 2359 672 2507 {uae
708 2348 829 2428 ¹quum
860 2313 1145 2390 fleitenotamiis
1186 2307 1377 2382 numerata

298 2447 483 2532 dicantur,
508 2461 579 2538 pro
610 2426 708 2503 abile
735 2427 812 2512 est,
849 2419 888 2488 in
914 2408 1120 2485 subsidium
1145 2407 1292 2478 tantum
1319 2403 1376 2475 ho·

293 2571 379 2624 rum
405 2539 568 2626 aerario,
594 2551 641 2603 ex
667 2548 742 2625 quo
754 2521 828 2591 ista
842 2512 994 2610 largitio
1013 2501 1210 2603 eroganda
1223 2503 1327 2575 esset
1338 2500 1378 2594 ⁹),

295 2643 492 2745 pecuniam
534 2654 584 2703 ex
627 2622 747 2697 altero
780 2612 930 2687 aerario
963 2602 1106 2692 datam,
1146 2627 1192 2672 ne
1220 2626 1268 2673 uo
1304 2619 1377 2671 esse

295 2742 412 2840 igitur
444 2731 546 2806 iham
579 2723 741 2798 omnium
772 2734 868 2812 quae
900 2701 965 2777 illo
991 2709 1160 2796 tempore
1187 2625 1378 2772 ‹hstributa

297 2840 373 2915 sint
397 2831 652 2908 theoricorum
676 2803 923 2894 summam¹⁰).

754 3027 787 3105 o.
807 2989 933 3085 LXX.

205 3277 208 3284 Δ
333 3197 335 3206 ’
394 3179 504 3261 Aliud
542 3179 663 3251 minus
696 3164 954 3260 sumptuosum
991 3149 1184 3252 multoque
1217 3141 1378 3221 landehi-

298 3292 372 3366 lius
409 3281 652 3379 largitionum
682 3287 804 3364 genus
841 3284 864 3330 a
895 3251 1039 3330 Solone
1056 3249 1088 3347 ¹)
1120 3245 1200 3339 voi,
1243 3252 1285 3316 ut
1323 3240 1378 3314 alii

300 3476 493 3505 §Qu-d

371 3560 403 3633 5)
426 3551 573 3614 D⁰¹¹¹⁰⁸iih
595 3567 637 3616 Pr·
666 3559 763 3597 ⁰⁰¹⁰¹¹⁶
782 3549 810 3602 P·
827 3533 892 3600 23⁴,
922 3532 958 3586 23
985 3547 1008 3582 θ·
1031 3531 1091 3581 not·
1110 3495 1269 3580 Schaeieri.
1308 3521 1375 3576 Hiuc

301 3642 384 3696 etiam
404 3631 536 3701 διωβελίας
551 3636 657 3676 nomeu
677 3616 713 3667 de
730 3610 875 3665 theoricis.
911 3599 1038 3658 Boeohh.
1058 3612 1085 3665 p.
1103 3599 1165 3654 238.

311 4337 326 4371 e

256 4470 260 4477 .
368 4418 399 4488 l)
418 4411 513 4475 Schol.
531 4402 666 4464 henchin.
683 4403 752 4453 tom.
768 4395 798 4452 11
814 4405 844 4459 P.
862 4389 915 4447 7³⁸
932 4388 1034 4446 Reislr.
