2840 5084
288 334 339 410 32
459 334 494 410 1.
524 334 585 408 Dc
613 331 801 408 Graeciae
825 331 904 408 retu
927 352 1056 426 moga.
1074 347 1203 437 pcrtt.
1346 375 1348 384 ·

289 521 404 594 ramis
428 515 501 592 hnc
525 513 613 591 illuc
638 512 816 610 dimissis,
840 513 976 619 quibus
999 518 1145 595 insulae
1166 527 1290 621 partes
1310 525 1358 596 in·

290 627 350 691 ter
374 643 416 690 se
441 621 677 714 separantur.
727 614 870 690 Cmnes
899 612 1024 712 ligna,
1061 615 1203 692 ferrum
1238 643 1360 718 suppe-

293 712 426 788 ditant.
478 715 610 812 Campi
643 708 835 786 fertilitate
864 715 1052 814 insignes,
1089 711 1256 814 frugum,
1284 720 1359 807 uini,

287 833 488 910 pomorum
500 811 637 978 domnis
665 813 821 979 gtcnteris
851 806 999 982 ierappfi
1011 810 1058 903 ¹³)
1064 906 1086 982 d
1091 912 1100 932 ι
1103 810 1245 984 rlfiittppa
1280 837 1359 912 por·
1404 857 1405 862 =

290 916 423 1097 {liii
449 930 1101 1103 ;‡.,.²..⁶⁰.¹'..⁰;‚¹.t⁰.¹¹‘..¹²...3...¹
1118 936 1179 1082 ..⁰2
1194 931 1361 1081 llicit.

288 1101 469 1203 procellis
486 1126 590 1176 mare
601 1097 659 1194 ¹⁴).
670 1141 720 1156 -
734 1100 864 1199 Supra
872 1104 1064 1178 Creticum
1074 1129 1178 1179 mare
1224 1111 1362 1204 yrtoum

290 1207 368 1292 est,
398 1198 625 1298 appellatum
656 1193 705 1270 ab
735 1196 861 1272 insula
891 1225 1010 1300 parva
1038 1199 1138 1276 hand
1171 1198 1361 1302 proculab

287 1295 471 1372 Euboeae
502 1297 763 1397 promontorio
792 1295 977 1372 Geraesto
991 1299 1051 1392 ¹⁵).
1106 1300 1193 1372 Hoc
1228 1294 1362 1371 duobus

288 1391 446 1470 sinubus
471 1395 670 1494 recipitur,
699 1391 884 1490 Argolico
910 1402 950 1468 et
974 1394 1178 1470 Saronico.
1229 1393 1362 1469 Insulae

286 1496 327 1566 in
353 1490 544 1564 Saronico
567 1489 830 1565 memorandae
854 1498 943 1570 aunt
966 1493 1154 1587 Calauria,
1180 1490 1227 1566 ad
1250 1496 1362 1590 Argo·

287 1587 398 1662 licum
422 1591 528 1663 littus
553 1589 855 1662 Troezeniorum
880 1593 1008 1689 portui
1035 1592 1187 1689 Pogoni
1219 1587 1364 1680 obieeta,

286 1711 405 1786 parva
437 1684 506 1760 sed
537 1711 613 1758 non
644 1683 905 1784 ignobilis¹⁶):
942 1686 1028 1761 dein
1068 1691 1238 1786 Aegina,
1275 1686 1365 1760 clara

287 1779 616 1952 puorpidamwrebps
645 1786 838 1903 maritimis
857 1785 924 1877 ¹⁷),
956 1792 995 1903 et
1028 1783 1213 1956 Splapris,
1243 1785 1365 1901 nemipi

169 2029 172 2038 ,
283 1885 559 2072 illidunt.
576 1905 1037 2078 adultuli&
1045 1889 1364 2080 .e¹l.3'⁰,i.5.⁸l’.i.¹}

283 2072 516 2148 latitudinem
544 2100 736 2176 nusquam
770 2074 873 2148 ultra
911 2076 984 2150 xl.
1023 2103 1072 2151 m.
1105 2102 1142 2177 p.
1178 2073 1363 2174 (CCCXX

285 2170 401 2263 stad.)
428 2169 660 2262 extendens,
685 2196 869 2272 nusquam
893 2172 994 2248 inira
1024 2173 1099 2248 duo
1123 2200 1174 2248 m.
1200 2201 1237 2276 p.
1263 2170 1362 2268 (stad.

183 2335 186 2342 .
282 2268 393 2358 XVl)
433 2266 681 2342 contrahens:
720 2272 878 2342 circuitu
909 2271 1000 2344 mill.
1031 2297 1132 2374 pass.
1167 2269 1362 2348 CCCLXV

283 2364 398 2458 (stad.
424 2365 784 2458 lthDCCCCXX)
801 2369 858 2458 19).
917 2369 1021 2442 llaec
1052 2372 1217 2463 Atticae,
1249 2371 1361 2442 Boeo·

282 2465 371 2554 tiae,
396 2459 569 2534 inferiori
595 2461 817 2538 Thessaliae
843 2464 1113 2563 praetenditur,
1136 2466 1362 2541 modieoEu·

281 2561 355 2658 ripi
380 2557 481 2632 freto
506 2556 758 2652 interfluente,
783 2560 831 2636 ad
855 2561 1019 2637 mediam
1043 2563 1124 2638 sere
1149 2571 1292 2664 partem
1314 2567 1362 2633 in·

282 2655 400 2749 sulae,
424 2653 490 2728 ubi
505 2654 656 2730 Chalcis
674 2655 779 2752 urbs,
803 2666 878 2734 tam
903 2667 1081 2757 angusto,
1106 2668 1149 2734 ut
1173 2657 1362 2763 aliquando

282 2755 393 2828 etiam
445 2759 533 2826 onte
559 2756 784 2851 iungeretur
799 2757 857 2849 ²⁰).
907 2756 1036 2831 Insula
1068 2762 1190 2834 omnis
1221 2758 1363 2857 generis

281 2847 396 2924 rebus
417 2778 552 2923 lecta:
577 2848 707 2925 littora
731 2861 926 2953 portuosa,
953 2859 1076 2956 campi
1102 2859 1204 2930 arvis
1229 2864 1267 2930 et
1290 2879 1363 2956 pas

282 2951 363 3023 cuis
398 2945 598 3021 uberrimi:
637 2952 677 3021 in
715 2949 908 3026 montibus
946 2957 1045 3026 aeris
1085 2960 1122 3026 et
1164 2949 1257 3026 l'erri
1295 2975 1363 3025 me-

281 3041 372 3116 talla
387 3045 453 3137 2¹):
480 3051 518 3118 et
542 3047 709 3119 virorum
734 3072 887 3149 quoque
898 3052 936 3122 in
952 3053 1052 3123 omui
1070 3050 1233 3124 Graecia
1248 3047 1364 3151 optimi

280 3139 474 3215 Euboicae
500 3137 692 3216 Chalcidis
718 3145 864 3220 incolae
890 3145 1032 3220 oraculi
1057 3173 1246 3246 responso
1278 3145 1362 3219 indi·

282 3241 353 3309 cati
379 3246 466 3312 sunt
481 3239 541 3329 ²²).
593 3238 722 3341 Supra
751 3241 948 3322 Euboeam
980 3248 1086 3320 sinus
1117 3243 1303 3320 Maliacus
1330 3248 1362 3314 et

284 3401 485 3414 m

349 3481 397 3542 13)
416 3478 461 3533 cf.
480 3480 590 3534 Meurs.
611 3482 689 3535 Cret.
709 3479 760 3539 lib.
778 3484 810 3536 11
829 3502 854 3537 c.
874 3484 985 3542 7-11.

351 3567 398 3636 14)
416 3569 527 3622 Meurs.
545 3567 593 3627 l.l.
613 3571 643 3623 11
662 3572 715 3627 ce
733 3579 806 3627 extr.

351 3659 400 3727 15)
419 3657 496 3711 Plin.
515 3658 570 3724 IV,
587 3657 605 3712 9
624 3667 696 3714 extr.
716 3661 878 3717 Tzsclnuolr.
898 3663 935 3717 ed
953 3666 1056 3738 Pomp·
1073 3663 1145 3720 Mel.
1164 3663 1203 3732 11,
1221 3663 1250 3732 3,
1267 3663 1292 3717 3.

352 3745 403 3813 ld)
423 3746 520 3800 strab.
536 3746 623 3814 vm,
642 3748 660 3802 e
677 3767 706 3820 p.
723 3749 778 3805 369
797 3757 826 3804 et
842 3754 905 3808 374.

350 3834 396 3901 17)
416 3838 449 3892 (t.
468 3836 505 3888 0.
522 3834 658 3905 Mueller,
675 3838 911 3908 Aegineticorum
930 3839 1011 3898 liber.
1029 3841 1125 3898 Berol.
1140 3838 1221 3899 1817.

349 3923 400 3992 18)
418 3924 515 3980 Str-nb·
534 3924 590 3994 IX,
609 3925 626 3981 l
644 3944 673 3996 p·
692 3926 755 3983 393.
1113 3973 1120 3990 .

349 4013 396 4078 19)
415 4013 492 4069 ΡΙῐιι.
512 4014 567 4082 lv,
586 4013 632 4072 al.
651 4011 687 4068 ei.
706 4016 804 4074 Such.
823 4019 862 4089 X,
882 4019 898 4076 l
916 4037 946 4093 p.
957 4019 1020 4076 444.

347 4100 397 4168 20)
417 4101 514 4155 Str-eh.
533 4121 562 4174 p.
580 4101 643 4158 447.

347 4187 395 4253 21)
412 4189 456 4242 Id.
475 4190 544 4245 ibid.

347 4273 396 4343 Ὦ)
414 4279 641 4352 Apnd'eundem
658 4303 687 4356 p.
706 4283 767 4339 449.
