<?xml version="1.0" encoding="UTF-8"?>
<!DOCTYPE html PUBLIC "-//W3C//DTD XHTML 1.0 Transitional//EN"
    "http://www.w3.org/TR/xhtml1/DTD/xhtml1-transitional.dtd">
<html xmlns="http://www.w3.org/1999/xhtml" xml:lang="en" lang="en">
 <head>
  <title>
</title>
<meta http-equiv="Content-Type" content="text/html;charset=utf-8" />
  <meta name='ocr-system' content='tesseract 3.04.00' />
  <meta name='ocr-capabilities' content='ocr_page ocr_carea ocr_par ocr_line ocrx_word'/>
</head>
<body>
  <div class='ocr_page' id='page_1' title='image "./antiquitatesiur00schogoog_0040.png"; bbox 0 0 2840 5084; ppageno 0'>
   <div class='ocr_carea' id='block_1_1' title="bbox 223 357 1146 458">
    <p class='ocr_par' dir='ltr' id='par_1_1' title="bbox 223 357 1146 458">
     <span class='ocr_line' id='line_1_1' title="bbox 223 357 1146 458; baseline -0.001 -23"><span class='ocrx_word' id='word_1_1' title='bbox 223 362 258 435; x_wconf 95' lang='grc' dir='ltr'><strong>Ι.</strong></span> <span class='ocrx_word' id='word_1_2' title='bbox 284 362 344 434; x_wconf 86' lang='lat' dir='ltr'><strong>De</strong></span> <span class='ocrx_word' id='word_1_3' title='bbox 372 358 563 434; x_wconf 70' lang='lat' dir='ltr'><strong>Graeciae</strong></span> <span class='ocrx_word' id='word_1_4' title='bbox 587 357 667 432; x_wconf 75' lang='lat' dir='ltr'><strong>aito</strong></span> <span class='ocrx_word' id='word_1_5' title='bbox 691 381 823 452; x_wconf 81' lang='lat' dir='ltr'><strong>mago.</strong></span> <span class='ocrx_word' id='word_1_6' title='bbox 843 370 975 458; x_wconf 71' lang='lat' dir='ltr'><strong>parit.</strong></span> <span class='ocrx_word' id='word_1_7' title='bbox 1097 357 1146 434; x_wconf 79' lang='lat'><strong>27</strong></span> 
     </span>
    </p>
   </div>
   <div class='ocr_carea' id='block_1_2' title="bbox 56 537 1150 1030">
    <p class='ocr_par' dir='ltr' id='par_1_2' title="bbox 56 537 1150 1030">
     <span class='ocr_line' id='line_1_2' title="bbox 57 537 1148 642; baseline 0.001 -27"><span class='ocrx_word' id='word_1_8' title='bbox 57 540 125 615; x_wconf 88' lang='lat' dir='ltr'><strong>lum</strong></span> <span class='ocrx_word' id='word_1_9' title='bbox 136 543 300 642; x_wconf 87' lang='lat' dir='ltr'><strong>proptor</strong></span> <span class='ocrx_word' id='word_1_10' title='bbox 312 540 547 616; x_wconf 69' lang='lat' dir='ltr'><strong>altitudinem</strong></span> <span class='ocrx_word' id='word_1_11' title='bbox 558 537 729 614; x_wconf 86' lang='lat' dir='ltr'><strong>locorum</strong></span> <span class='ocrx_word' id='word_1_12' title='bbox 747 538 922 639; x_wconf 78' lang='lat' dir='ltr'><strong>frigidius</strong></span> <span class='ocrx_word' id='word_1_13' title='bbox 936 542 1000 628; x_wconf 76' lang='lat'>¹⁰):</span> <span class='ocrx_word' id='word_1_14' title='bbox 1026 546 1148 641; x_wconf 89' lang='lat' dir='ltr'><strong>campi</strong></span> 
     </span>
     <span class='ocr_line' id='line_1_3' title="bbox 58 633 1147 738; baseline 0.001 -25"><span class='ocrx_word' id='word_1_15' title='bbox 58 639 203 738; x_wconf 81' lang='lat' dir='ltr'><strong>lrugum</strong></span> <span class='ocrx_word' id='word_1_16' title='bbox 217 643 312 714; x_wconf 89' lang='lat' dir='ltr'><strong>satis</strong></span> <span class='ocrx_word' id='word_1_17' title='bbox 326 637 489 732; x_wconf 76' lang='lat' dir='ltr'><strong>feraces,</strong></span> <span class='ocrx_word' id='word_1_18' title='bbox 514 633 674 730; x_wconf 81' lang='lat' dir='ltr'>herbidi,</span> <span class='ocrx_word' id='word_1_19' title='bbox 700 641 879 712; x_wconf 89' lang='lat' dir='ltr'><strong>armentis</strong></span> <span class='ocrx_word' id='word_1_20' title='bbox 900 637 1045 714; x_wconf 78' lang='lat' dir='ltr'><strong>alendis</strong></span> <span class='ocrx_word' id='word_1_21' title='bbox 1064 640 1147 714; x_wconf 92' lang='lat' dir='ltr'><strong>ido·</strong></span> 
     </span>
     <span class='ocr_line' id='line_1_4' title="bbox 56 734 1150 835; baseline 0.002 -25"><span class='ocrx_word' id='word_1_22' title='bbox 56 740 195 835; x_wconf 85' lang='lat' dir='ltr'><strong>nei¹¹):</strong></span> <span class='ocrx_word' id='word_1_23' title='bbox 230 735 359 828; x_wconf 90' lang='lat' dir='ltr'><strong>oleae,</strong></span> <span class='ocrx_word' id='word_1_24' title='bbox 390 736 478 810; x_wconf 88' lang='lat' dir='ltr'><strong>licui</strong></span> <span class='ocrx_word' id='word_1_25' title='bbox 509 760 643 834; x_wconf 87' lang='lat' dir='ltr'><strong>parum</strong></span> <span class='ocrx_word' id='word_1_26' title='bbox 676 737 755 835; x_wconf 90' lang='lat' dir='ltr'><strong>apti</strong></span> <span class='ocrx_word' id='word_1_27' title='bbox 770 737 830 834; x_wconf 86' lang='lat'><strong>¹²).</strong></span> <span class='ocrx_word' id='word_1_28' title='bbox 881 737 924 810; x_wconf 94' lang='lat' dir='ltr'><strong>ln</strong></span> <span class='ocrx_word' id='word_1_29' title='bbox 955 734 1150 812; x_wconf 90' lang='lat' dir='ltr'><strong>montibus</strong></span> 
     </span>
     <span class='ocr_line' id='line_1_5' title="bbox 58 830 1147 936; baseline 0.003 -30"><span class='ocrx_word' id='word_1_30' title='bbox 58 833 231 908; x_wconf 80' lang='lat' dir='ltr'><strong>silvarum</strong></span> <span class='ocrx_word' id='word_1_31' title='bbox 257 838 367 935; x_wconf 82' lang='lat' dir='ltr'><strong>eopia</strong></span> <span class='ocrx_word' id='word_1_32' title='bbox 381 835 450 931; x_wconf 79' lang='grc'><strong>13),</strong></span> <span class='ocrx_word' id='word_1_33' title='bbox 477 840 516 910; x_wconf 89' lang='lat' dir='ltr'><strong>et</strong></span> <span class='ocrx_word' id='word_1_34' title='bbox 535 837 688 932; x_wconf 88' lang='lat' dir='ltr'><strong>pecoris</strong></span> <span class='ocrx_word' id='word_1_35' title='bbox 703 830 885 932; x_wconf 88' lang='lat' dir='ltr'><strong>pascendi</strong></span> <span class='ocrx_word' id='word_1_36' title='bbox 901 831 1062 934; x_wconf 86' lang='lat' dir='ltr'><strong>plurima</strong></span> <span class='ocrx_word' id='word_1_37' title='bbox 1079 861 1147 936; x_wconf 91' lang='lat' dir='ltr'><strong>op·</strong></span> 
     </span>
     <span class='ocr_line' id='line_1_6' title="bbox 57 934 347 1030; baseline 0 -25"><span class='ocrx_word' id='word_1_38' title='bbox 57 934 281 1030; x_wconf 87' lang='lat' dir='ltr'><strong>portunitas.</strong></span> <span class='ocrx_word' id='word_1_39' title='bbox 343 1003 347 1020; x_wconf 73' lang='grc'>,</span> 
     </span>
    </p>
   </div>
   <div class='ocr_carea' id='block_1_3' title="bbox 506 1091 676 1183">
    <p class='ocr_par' dir='ltr' id='par_1_3' title="bbox 506 1091 676 1183">
     <span class='ocr_line' id='line_1_7' title="bbox 506 1091 676 1183; baseline 0.012 -13"><span class='ocrx_word' id='word_1_40' title='bbox 506 1091 565 1183; x_wconf 69' lang='grc'><strong>’0.</strong></span> <span class='ocrx_word' id='word_1_41' title='bbox 593 1099 676 1172; x_wconf 84' lang='lat' dir='ltr'><strong>Vll.</strong></span> 
     </span>
    </p>
   </div>
   <div class='ocr_carea' id='block_1_4' title="bbox 58 1228 1152 2016">
    <p class='ocr_par' dir='ltr' id='par_1_4' title="bbox 58 1228 1152 2016">
     <span class='ocr_line' id='line_1_8' title="bbox 146 1228 1148 1332; baseline 0.002 -26"><span class='ocrx_word' id='word_1_42' title='bbox 146 1233 216 1308; x_wconf 84' lang='lat' dir='ltr'><strong>Ex</strong></span> <span class='ocrx_word' id='word_1_43' title='bbox 245 1229 431 1306; x_wconf 79' lang='lat' dir='ltr'><strong>Arcadiae</strong></span> <span class='ocrx_word' id='word_1_44' title='bbox 465 1228 621 1332; x_wconf 66' lang='lat' dir='ltr'><strong>Cyllene</strong></span> <span class='ocrx_word' id='word_1_45' title='bbox 654 1230 838 1306; x_wconf 86' lang='lat' dir='ltr'><strong>orientem</strong></span> <span class='ocrx_word' id='word_1_46' title='bbox 879 1257 1011 1308; x_wconf 85' lang='lat' dir='ltr'><strong>versus</strong></span> <span class='ocrx_word' id='word_1_47' title='bbox 1042 1260 1148 1308; x_wconf 91' lang='lat' dir='ltr'><strong>mon-</strong></span> 
     </span>
     <span class='ocr_line' id='line_1_9' title="bbox 58 1326 1150 1428; baseline 0.003 -26"><span class='ocrx_word' id='word_1_48' title='bbox 58 1331 144 1404; x_wconf 90' lang='lat' dir='ltr'><strong>tium</strong></span> <span class='ocrx_word' id='word_1_49' title='bbox 169 1333 316 1404; x_wconf 90' lang='lat' dir='ltr'><strong>tractus</strong></span> <span class='ocrx_word' id='word_1_50' title='bbox 367 1333 545 1422; x_wconf 86' lang='lat' dir='ltr'><strong>rocurrit,</strong></span> <span class='ocrx_word' id='word_1_51' title='bbox 571 1326 745 1402; x_wconf 85' lang='lat' dir='ltr'><strong>saucibus</strong></span> <span class='ocrx_word' id='word_1_52' title='bbox 769 1333 1013 1428; x_wconf 74' lang='lat' dir='ltr'><strong>perangustis</strong></span> <span class='ocrx_word' id='word_1_53' title='bbox 1032 1335 1150 1405; x_wconf 90' lang='lat' dir='ltr'><strong>inter·</strong></span> 
     </span>
     <span class='ocr_line' id='line_1_10' title="bbox 58 1354 1149 1530; baseline 0.001 -28"><span class='ocrx_word' id='word_1_54' title='bbox 58 1432 201 1528; x_wconf 88' lang='lat' dir='ltr'><strong>mptus,</strong></span> <span class='ocrx_word' id='word_1_55' title='bbox 242 1354 367 1522; x_wconf 77' lang='lat' dir='ltr'><strong>(undll</strong></span> <span class='ocrx_word' id='word_1_56' title='bbox 411 1442 536 1526; x_wconf 71' lang='grc' dir='ltr'><strong><em>Τρητοῦ</em></strong></span> <span class='ocrx_word' id='word_1_57' title='bbox 564 1429 727 1521; x_wconf 91' lang='lat' dir='ltr'><strong>nomen)</strong></span> <span class='ocrx_word' id='word_1_58' title='bbox 752 1427 783 1523; x_wconf 88' lang='lat'><strong>¹)</strong></span> <span class='ocrx_word' id='word_1_59' title='bbox 823 1449 932 1528; x_wconf 90' lang='lat' dir='ltr'><strong>quem</strong></span> <span class='ocrx_word' id='word_1_60' title='bbox 972 1425 1149 1530; x_wconf 83' lang='lat' dir='ltr'><strong>deinceps</strong></span> 
     </span>
     <span class='ocr_line' id='line_1_11' title="bbox 59 1524 1150 1618; baseline 0.003 -20"><span class='ocrx_word' id='word_1_61' title='bbox 59 1525 319 1618; x_wconf 79' lang='lat' dir='ltr'><strong>Arachnaeus,</strong></span> <span class='ocrx_word' id='word_1_62' title='bbox 354 1525 543 1615; x_wconf 79' lang='lat' dir='ltr'><strong>Titinius,</strong></span> <span class='ocrx_word' id='word_1_63' title='bbox 578 1526 610 1598; x_wconf 80' lang='lat' dir='ltr'>C</span> <span class='ocrx_word' id='word_1_64' title='bbox 639 1525 789 1598; x_wconf 90' lang='lat' dir='ltr'><strong>nortius</strong></span> <span class='ocrx_word' id='word_1_65' title='bbox 821 1524 883 1598; x_wconf 89' lang='lat' dir='ltr'><strong>alii</strong></span> <span class='ocrx_word' id='word_1_66' title='bbox 911 1551 959 1599; x_wconf 88' lang='lat' dir='ltr'><strong>ue</strong></span> <span class='ocrx_word' id='word_1_67' title='bbox 982 1529 1150 1602; x_wconf 88' lang='lat' dir='ltr'><strong>minores</strong></span> 
     </span>
     <span class='ocr_line' id='line_1_12' title="bbox 60 1549 1150 1723; baseline 0 -27"><span class='ocrx_word' id='word_1_68' title='bbox 60 1624 252 1723; x_wconf 88' lang='lat' dir='ltr'><strong>excipiunt</strong></span> <span class='ocrx_word' id='word_1_69' title='bbox 265 1623 312 1718; x_wconf 83' lang='lat'><strong>²).</strong></span> <span class='ocrx_word' id='word_1_70' title='bbox 362 1622 431 1694; x_wconf 89' lang='lat' dir='ltr'><strong>llis</strong></span> <span class='ocrx_word' id='word_1_71' title='bbox 457 1646 553 1722; x_wconf 87' lang='lat' dir='ltr'><strong>quae</strong></span> <span class='ocrx_word' id='word_1_72' title='bbox 578 1549 728 1695; x_wconf 84' lang='lat' dir='ltr'><strong>adiacet</strong></span> <span class='ocrx_word' id='word_1_73' title='bbox 762 1624 869 1696; x_wconf 87' lang='lat' dir='ltr'><strong>terra</strong></span> <span class='ocrx_word' id='word_1_74' title='bbox 925 1622 1047 1722; x_wconf 77' lang='lat' dir='ltr'><strong>rgolis</strong></span> <span class='ocrx_word' id='word_1_75' title='bbox 1079 1627 1150 1718; x_wconf 89' lang='lat' dir='ltr'><strong>est,</strong></span> 
     </span>
     <span class='ocr_line' id='line_1_13' title="bbox 59 1715 1152 1821; baseline 0.002 -27"><span class='ocrx_word' id='word_1_76' title='bbox 59 1724 90 1794; x_wconf 94' lang='lat' dir='ltr'><strong>in</strong></span> <span class='ocrx_word' id='word_1_77' title='bbox 114 1717 364 1821; x_wconf 77' lang='lat' dir='ltr'><strong>paeninsulae</strong></span> <span class='ocrx_word' id='word_1_78' title='bbox 389 1715 548 1793; x_wconf 87' lang='lat' dir='ltr'><strong>sormam</strong></span> <span class='ocrx_word' id='word_1_79' title='bbox 575 1743 798 1811; x_wconf 82' lang='lat' dir='ltr'><strong>excurrens,</strong></span> <span class='ocrx_word' id='word_1_80' title='bbox 824 1722 911 1795; x_wconf 90' lang='lat' dir='ltr'><strong>sinu</strong></span> <span class='ocrx_word' id='word_1_81' title='bbox 921 1724 1152 1820; x_wconf 85' lang='lat' dir='ltr'><strong>interipsum</strong></span> 
     </span>
     <span class='ocr_line' id='line_1_14' title="bbox 59 1813 1152 1916; baseline 0.003 -25"><span class='ocrx_word' id='word_1_82' title='bbox 59 1823 92 1891; x_wconf 88' lang='lat' dir='ltr'><strong>et</strong></span> <span class='ocrx_word' id='word_1_83' title='bbox 123 1821 381 1892; x_wconf 82' lang='lat' dir='ltr'><strong>continentem</strong></span> <span class='ocrx_word' id='word_1_84' title='bbox 412 1815 721 1916; x_wconf 87' lang='lat' dir='ltr'><strong>Peloponnesum</strong></span> <span class='ocrx_word' id='word_1_85' title='bbox 760 1813 907 1891; x_wconf 89' lang='lat' dir='ltr'><strong>relicto.</strong></span> <span class='ocrx_word' id='word_1_86' title='bbox 974 1820 1152 1894; x_wconf 84' lang='lat' dir='ltr'><strong>Ceterum</strong></span> 
     </span>
     <span class='ocr_line' id='line_1_15' title="bbox 59 1910 1151 2016; baseline 0.002 -28"><span class='ocrx_word' id='word_1_87' title='bbox 59 1912 275 2014; x_wconf 76' lang='lat' dir='ltr'><strong>Argolidem</strong></span> <span class='ocrx_word' id='word_1_88' title='bbox 300 1917 420 2015; x_wconf 85' lang='lat' dir='ltr'><strong>ipsam</strong></span> <span class='ocrx_word' id='word_1_89' title='bbox 443 1917 605 1987; x_wconf 92' lang='lat' dir='ltr'><strong>montes.</strong></span> <span class='ocrx_word' id='word_1_90' title='bbox 619 1921 684 1987; x_wconf 86' lang='lat' dir='ltr'><strong>aut</strong></span> <span class='ocrx_word' id='word_1_91' title='bbox 709 1910 827 1986; x_wconf 92' lang='lat' dir='ltr'><strong>colles</strong></span> <span class='ocrx_word' id='word_1_92' title='bbox 851 1917 889 1986; x_wconf 94' lang='lat' dir='ltr'><strong>in</strong></span> <span class='ocrx_word' id='word_1_93' title='bbox 907 1913 1044 1989; x_wconf 87' lang='lat' dir='ltr'><strong>multas</strong></span> <span class='ocrx_word' id='word_1_94' title='bbox 1061 1941 1151 2016; x_wconf 90' lang='lat' dir='ltr'><strong>par·</strong></span> 
     </span>
    </p>
   </div>
   <div class='ocr_carea' id='block_1_5' title="bbox 61 2007 1265 2114">
    <p class='ocr_par' dir='ltr' id='par_1_5' title="bbox 61 2007 1265 2114">
     <span class='ocr_line' id='line_1_16' title="bbox 61 2007 1265 2114; baseline 0.001 -27"><span class='ocrx_word' id='word_1_95' title='bbox 61 2023 110 2087; x_wconf 86' lang='lat' dir='ltr'><strong>tes</strong></span> <span class='ocrx_word' id='word_1_96' title='bbox 135 2017 306 2087; x_wconf 85' lang='lat' dir='ltr'><strong>minores</strong></span> <span class='ocrx_word' id='word_1_97' title='bbox 332 2010 552 2110; x_wconf 89' lang='lat' dir='ltr'><strong>dispescunt</strong></span> <span class='ocrx_word' id='word_1_98' title='bbox 565 2012 619 2105; x_wconf 68' lang='grc'><strong>3),</strong></span> <span class='ocrx_word' id='word_1_99' title='bbox 644 2007 781 2084; x_wconf 85' lang='lat' dir='ltr'><strong>modici</strong></span> <span class='ocrx_word' id='word_1_100' title='bbox 804 2009 997 2112; x_wconf 85' lang='lat' dir='ltr'><strong>plerique,</strong></span> <span class='ocrx_word' id='word_1_101' title='bbox 1029 2037 1152 2114; x_wconf 92' lang='lat' dir='ltr'><strong>neque</strong></span> <span class='ocrx_word' id='word_1_102' title='bbox 1260 2032 1265 2050; x_wconf 80' lang='lat'><strong><em>¹</em></strong></span> 
     </span>
    </p>
   </div>
   <div class='ocr_carea' id='block_1_6' title="bbox 60 2105 1154 2694">
    <p class='ocr_par' dir='ltr' id='par_1_6' title="bbox 60 2105 1154 2694">
     <span class='ocr_line' id='line_1_17' title="bbox 60 2105 1152 2308; baseline 0 -26"><span class='ocrx_word' id='word_1_103' title='bbox 60 2105 1152 2308; x_wconf 55' lang='lat' dir='ltr'><strong>illiciti?liliiPiiilt‘lilitijlit</strong></span> 
     </span>
     <span class='ocr_line' id='line_1_18' title="bbox 62 2302 1153 2397; baseline 0.001 -19"><span class='ocrx_word' id='word_1_104' title='bbox 62 2311 161 2381; x_wconf 84' lang='lat' dir='ltr'><strong>sinus</strong></span> <span class='ocrx_word' id='word_1_105' title='bbox 185 2331 342 2380; x_wconf 87' lang='lat' dir='ltr'><strong>recessu</strong></span> <span class='ocrx_word' id='word_1_106' title='bbox 364 2306 464 2378; x_wconf 88' lang='lat' dir='ltr'><strong>inter</strong></span> <span class='ocrx_word' id='word_1_107' title='bbox 487 2302 745 2397; x_wconf 79' lang='lat' dir='ltr'><strong>Parthenium,</strong></span> <span class='ocrx_word' id='word_1_108' title='bbox 772 2304 931 2378; x_wconf 87' lang='lat' dir='ltr'><strong>Tretum</strong></span> <span class='ocrx_word' id='word_1_109' title='bbox 955 2305 994 2379; x_wconf 89' lang='lat' dir='ltr'><strong>et</strong></span> <span class='ocrx_word' id='word_1_110' title='bbox 1011 2305 1153 2379; x_wconf 81' lang='lat' dir='ltr'><strong>Arach-</strong></span> 
     </span>
     <span class='ocr_line' id='line_1_19' title="bbox 62 2399 1153 2502; baseline 0 -26"><span class='ocrx_word' id='word_1_111' title='bbox 62 2429 191 2480; x_wconf 90' lang='lat' dir='ltr'><strong>naeum</strong></span> <span class='ocrx_word' id='word_1_112' title='bbox 224 2408 282 2477; x_wconf 89' lang='lat' dir='ltr'><strong>est</strong></span> <span class='ocrx_word' id='word_1_113' title='bbox 295 2403 343 2498; x_wconf 85' lang='lat'><strong>⁵).</strong></span> <span class='ocrx_word' id='word_1_114' title='bbox 392 2404 519 2478; x_wconf 84' lang='lat' dir='ltr'><strong>Littus</strong></span> <span class='ocrx_word' id='word_1_115' title='bbox 547 2405 747 2502; x_wconf 88' lang='lat' dir='ltr'><strong>utrumque</strong></span> <span class='ocrx_word' id='word_1_116' title='bbox 780 2401 911 2499; x_wconf 89' lang='lat' dir='ltr'><strong>plures</strong></span> <span class='ocrx_word' id='word_1_117' title='bbox 940 2409 990 2476; x_wconf 79' lang='lat' dir='ltr'><strong>el</strong></span> <span class='ocrx_word' id='word_1_118' title='bbox 1032 2399 1153 2477; x_wconf 80' lang='lat' dir='ltr'><strong>bono&#39;s</strong></span> 
     </span>
     <span class='ocr_line' id='line_1_20' title="bbox 63 2497 1153 2602; baseline -0.003 -26"><span class='ocrx_word' id='word_1_119' title='bbox 63 2507 192 2602; x_wconf 88' lang='lat' dir='ltr'><strong>portus</strong></span> <span class='ocrx_word' id='word_1_120' title='bbox 212 2497 328 2576; x_wconf 87' lang='lat' dir='ltr'><strong>habet</strong></span> <span class='ocrx_word' id='word_1_121' title='bbox 341 2504 387 2598; x_wconf 82' lang='lat'><strong>⁶).</strong></span> <span class='ocrx_word' id='word_1_122' title='bbox 407 2540 457 2558; x_wconf 90' lang='lat'><strong>·-</strong></span> <span class='ocrx_word' id='word_1_123' title='bbox 479 2500 568 2572; x_wconf 86' lang='lat' dir='ltr'><strong>Duo</strong></span> <span class='ocrx_word' id='word_1_124' title='bbox 589 2497 651 2572; x_wconf 91' lang='lat' dir='ltr'><strong>alii</strong></span> <span class='ocrx_word' id='word_1_125' title='bbox 664 2497 845 2572; x_wconf 90' lang='lat' dir='ltr'><strong>montium</strong></span> <span class='ocrx_word' id='word_1_126' title='bbox 864 2501 1008 2574; x_wconf 87' lang='lat' dir='ltr'><strong>tractus</strong></span> <span class='ocrx_word' id='word_1_127' title='bbox 1022 2526 1044 2574; x_wconf 86' lang='lat' dir='ltr'><strong>a</strong></span> <span class='ocrx_word' id='word_1_128' title='bbox 1058 2501 1153 2574; x_wconf 89' lang='lat' dir='ltr'><strong>Par·</strong></span> 
     </span>
     <span class='ocr_line' id='line_1_21' title="bbox 64 2593 1154 2694; baseline -0.001 -22"><span class='ocrx_word' id='word_1_129' title='bbox 64 2625 157 2676; x_wconf 90' lang='lat' dir='ltr'><strong>none</strong></span> <span class='ocrx_word' id='word_1_130' title='bbox 183 2607 222 2675; x_wconf 85' lang='lat' dir='ltr'><strong>et</strong></span> <span class='ocrx_word' id='word_1_131' title='bbox 245 2598 399 2694; x_wconf 80' lang='lat' dir='ltr'><strong>Lycaeo</strong></span> <span class='ocrx_word' id='word_1_132' title='bbox 434 2621 567 2670; x_wconf 88' lang='lat' dir='ltr'><strong>versus</strong></span> <span class='ocrx_word' id='word_1_133' title='bbox 598 2593 792 2669; x_wconf 88' lang='lat' dir='ltr'><strong>meridiem</strong></span> <span class='ocrx_word' id='word_1_134' title='bbox 851 2621 892 2669; x_wconf 90' lang='lat' dir='ltr'><strong>er</strong></span> <span class='ocrx_word' id='word_1_135' title='bbox 925 2597 1154 2672; x_wconf 85' lang='lat' dir='ltr'><strong>Laconicam</strong></span> 
     </span>
    </p>
   </div>
   <div class='ocr_carea' id='block_1_7' title="bbox 64 2621 1156 3155">
    <p class='ocr_par' dir='ltr' id='par_1_7' title="bbox 64 2621 1156 3155">
     <span class='ocr_line' id='line_1_22' title="bbox 64 2621 1154 2796; baseline -0.004 -23"><span class='ocrx_word' id='word_1_136' title='bbox 64 2700 225 2796; x_wconf 89' lang='lat' dir='ltr'><strong>porreeti</strong></span> <span class='ocrx_word' id='word_1_137' title='bbox 249 2698 288 2767; x_wconf 91' lang='lat' dir='ltr'><strong>in</strong></span> <span class='ocrx_word' id='word_1_138' title='bbox 311 2694 574 2794; x_wconf 89' lang='lat' dir='ltr'><strong>promontoria</strong></span> <span class='ocrx_word' id='word_1_139' title='bbox 598 2691 763 2766; x_wconf 87' lang='lat' dir='ltr'><strong>lllaleam</strong></span> <span class='ocrx_word' id='word_1_140' title='bbox 789 2621 847 2768; x_wconf 63' lang='lat' dir='ltr'><strong>cll</strong></span> <span class='ocrx_word' id='word_1_141' title='bbox 847 2693 1064 2768; x_wconf 81' lang='lat' dir='ltr'><strong>Taenarum</strong></span> <span class='ocrx_word' id='word_1_142' title='bbox 1089 2693 1154 2770; x_wconf 92' lang='lat' dir='ltr'><strong>dc·</strong></span> 
     </span>
     <span class='ocr_line' id='line_1_23' title="bbox 66 2787 1155 2890; baseline -0.004 -21"><span class='ocrx_word' id='word_1_143' title='bbox 66 2801 198 2870; x_wconf 85' lang='lat' dir='ltr'><strong>sinunt.</strong></span> <span class='ocrx_word' id='word_1_144' title='bbox 249 2793 392 2866; x_wconf 89' lang='lat' dir='ltr'><strong>llorum</strong></span> <span class='ocrx_word' id='word_1_145' title='bbox 416 2789 525 2883; x_wconf 88' lang='lat' dir='ltr'><strong>alter,</strong></span> <span class='ocrx_word' id='word_1_146' title='bbox 552 2790 615 2890; x_wconf 90' lang='lat' dir='ltr'><strong>qui</strong></span> <span class='ocrx_word' id='word_1_147' title='bbox 640 2787 688 2862; x_wconf 84' lang='lat' dir='ltr'><strong>ad</strong></span> <span class='ocrx_word' id='word_1_148' title='bbox 715 2789 890 2865; x_wconf 87' lang='lat' dir='ltr'><strong>dextram</strong></span> <span class='ocrx_word' id='word_1_149' title='bbox 912 2795 983 2884; x_wconf 90' lang='lat' dir='ltr'><strong>est,</strong></span> <span class='ocrx_word' id='word_1_150' title='bbox 1005 2790 1155 2865; x_wconf 90' lang='lat' dir='ltr'><strong>modica</strong></span> 
     </span>
     <span class='ocr_line' id='line_1_24' title="bbox 67 2883 1155 2982; baseline -0.005 -16"><span class='ocrx_word' id='word_1_151' title='bbox 67 2892 269 2982; x_wconf 90' lang='lat' dir='ltr'><strong>altitudine,</strong></span> <span class='ocrx_word' id='word_1_152' title='bbox 293 2883 507 2963; x_wconf 89' lang='lat' dir='ltr'><strong>nominibus</strong></span> <span class='ocrx_word' id='word_1_153' title='bbox 530 2889 663 2981; x_wconf 85' lang='lat' dir='ltr'><strong>variis,</strong></span> <span class='ocrx_word' id='word_1_154' title='bbox 696 2886 906 2982; x_wconf 84' lang='lat' dir='ltr'><strong>Thornax,</strong></span> <span class='ocrx_word' id='word_1_155' title='bbox 932 2889 1155 2982; x_wconf 68' lang='lat' dir='ltr'><strong>Mendesius,</strong></span> 
     </span>
     <span class='ocr_line' id='line_1_25' title="bbox 69 2982 1156 3155; baseline -0.006 -91"><span class='ocrx_word' id='word_1_156' title='bbox 69 2993 219 3092; x_wconf 79' lang='lat' dir='ltr'><strong>atquae</strong></span> <span class='ocrx_word' id='word_1_157' title='bbox 246 2995 333 3063; x_wconf 81' lang='lat' dir='ltr'><strong>sunt</strong></span> <span class='ocrx_word' id='word_1_158' title='bbox 357 2985 443 3074; x_wconf 86' lang='lat' dir='ltr'><strong>alia,</strong></span> <span class='ocrx_word' id='word_1_159' title='bbox 469 2982 746 3155; x_wconf 69' lang='lat' dir='ltr'><strong>appellatur²)=</strong></span> <span class='ocrx_word' id='word_1_160' title='bbox 774 2983 820 3060; x_wconf 88' lang='lat' dir='ltr'><strong>ad</strong></span> <span class='ocrx_word' id='word_1_161' title='bbox 848 2987 1039 3060; x_wconf 82' lang='lat' dir='ltr'><strong>sinistram</strong></span> <span class='ocrx_word' id='word_1_162' title='bbox 1054 2987 1156 3086; x_wconf 74' lang='lat' dir='ltr'><strong>Tay·</strong></span> 
     </span>
    </p>
   </div>
   <div class='ocr_carea' id='block_1_8' title="bbox 68 3081 1156 3188">
    <p class='ocr_par' dir='ltr' id='par_1_8' title="bbox 68 3081 1156 3188">
     <span class='ocr_line' id='line_1_26' title="bbox 68 3081 1156 3188; baseline -0.005 -25"><span class='ocrx_word' id='word_1_163' title='bbox 68 3091 172 3188; x_wconf 78' lang='lat' dir='ltr'><strong>gelus</strong></span> <span class='ocrx_word' id='word_1_164' title='bbox 199 3088 260 3163; x_wconf 89' lang='lat' dir='ltr'><strong>est</strong></span> <span class='ocrx_word' id='word_1_165' title='bbox 280 3082 397 3184; x_wconf 88' lang='lat' dir='ltr'><strong>longe</strong></span> <span class='ocrx_word' id='word_1_166' title='bbox 414 3109 508 3158; x_wconf 88' lang='lat' dir='ltr'><strong>exce</strong></span> <span class='ocrx_word' id='word_1_167' title='bbox 525 3085 617 3176; x_wconf 92' lang='lat' dir='ltr'><strong>sior,</strong></span> <span class='ocrx_word' id='word_1_168' title='bbox 642 3081 899 3158; x_wconf 88' lang='lat' dir='ltr'><strong>cacuminibus</strong></span> <span class='ocrx_word' id='word_1_169' title='bbox 914 3081 1156 3158; x_wconf 80' lang='lat' dir='ltr'><strong>multifariam</strong></span> 
     </span>
    </p>
   </div>
   <div class='ocr_carea' id='block_1_9' title="bbox 76 3323 1156 4294">
    <p class='ocr_par' dir='ltr' id='par_1_9' title="bbox 76 3323 1156 4294">
     <span class='ocr_line' id='line_1_27' title="bbox 131 3323 880 3401; baseline -0.007 -19"><span class='ocrx_word' id='word_1_170' title='bbox 131 3327 178 3396; x_wconf 91' lang='grc'><strong>10)</strong></span> <span class='ocrx_word' id='word_1_171' title='bbox 199 3326 352 3384; x_wconf 77' lang='grc' dir='ltr'><strong>ΤΙιίοηοΙι.</strong></span> <span class='ocrx_word' id='word_1_172' title='bbox 372 3329 388 3383; x_wconf 96' lang='lat' dir='ltr'><strong>l</strong></span> <span class='ocrx_word' id='word_1_173' title='bbox 406 3348 434 3401; x_wconf 94' lang='grc' dir='ltr'><strong>Ρ.</strong></span> <span class='ocrx_word' id='word_1_174' title='bbox 454 3325 515 3382; x_wconf 81' lang='grc'><strong>985.</strong></span> <span class='ocrx_word' id='word_1_175' title='bbox 535 3324 572 3380; x_wconf 78' lang='lat' dir='ltr'><strong>of.</strong></span> <span class='ocrx_word' id='word_1_176' title='bbox 591 3323 696 3396; x_wconf 77' lang='lat' dir='ltr'><strong>Polyb.</strong></span> <span class='ocrx_word' id='word_1_177' title='bbox 714 3327 771 3396; x_wconf 84' lang='lat' dir='ltr'><strong>IV,</strong></span> <span class='ocrx_word' id='word_1_178' title='bbox 790 3326 835 3396; x_wconf 78' lang='lat' dir='ltr'><strong>al,</strong></span> <span class='ocrx_word' id='word_1_179' title='bbox 854 3327 880 3380; x_wconf 93' lang='lat' dir='ltr'><strong>l.</strong></span> 
     </span>
     <span class='ocr_line' id='line_1_28' title="bbox 132 3415 565 3489; baseline -0.002 -19"><span class='ocrx_word' id='word_1_180' title='bbox 132 3415 180 3485; x_wconf 94' lang='lat' dir='ltr'><strong>ll)</strong></span> <span class='ocrx_word' id='word_1_181' title='bbox 200 3416 298 3472; x_wconf 85' lang='lat' dir='ltr'><strong>Strab.</strong></span> <span class='ocrx_word' id='word_1_182' title='bbox 317 3417 403 3487; x_wconf 85' lang='lat' dir='ltr'><strong>Vlll,</strong></span> <span class='ocrx_word' id='word_1_183' title='bbox 420 3417 439 3472; x_wconf 91' lang='grc'><strong>8</strong></span> <span class='ocrx_word' id='word_1_184' title='bbox 456 3435 484 3489; x_wconf 89' lang='grc' dir='ltr'><strong>Ρ.</strong></span> <span class='ocrx_word' id='word_1_185' title='bbox 500 3415 565 3470; x_wconf 81' lang='grc'><strong>088.</strong></span> 
     </span>
     <span class='ocr_line' id='line_1_29' title="bbox 135 3504 429 3575; baseline -0.003 -15"><span class='ocrx_word' id='word_1_186' title='bbox 135 3505 181 3575; x_wconf 78' lang='grc'><strong>19)</strong></span> <span class='ocrx_word' id='word_1_187' title='bbox 201 3504 353 3562; x_wconf 71' lang='lat' dir='ltr'><strong>&#39;l&#39;lriersclu</strong></span> <span class='ocrx_word' id='word_1_188' title='bbox 372 3506 391 3560; x_wconf 90' lang='lat' dir='ltr'><strong>l.</strong></span> <span class='ocrx_word' id='word_1_189' title='bbox 408 3505 429 3559; x_wconf 93' lang='grc'><strong>1.</strong></span> 
     </span>
     <span class='ocr_line' id='line_1_30' title="bbox 133 3592 821 3668; baseline 0 -18"><span class='ocrx_word' id='word_1_190' title='bbox 133 3595 179 3666; x_wconf 85' lang='grc'><strong>13)</strong></span> <span class='ocrx_word' id='word_1_191' title='bbox 199 3596 272 3650; x_wconf 82' lang='lat' dir='ltr'><strong>Inde</strong></span> <span class='ocrx_word' id='word_1_192' title='bbox 292 3595 446 3668; x_wconf 81' lang='lat' dir='ltr'><strong>drymodes</strong></span> <span class='ocrx_word' id='word_1_193' title='bbox 462 3592 589 3649; x_wconf 75' lang='lat' dir='ltr'><strong>Arcadia</strong></span> <span class='ocrx_word' id='word_1_194' title='bbox 606 3593 683 3649; x_wconf 82' lang='lat' dir='ltr'><strong>Plin.</strong></span> <span class='ocrx_word' id='word_1_195' title='bbox 702 3595 758 3665; x_wconf 89' lang='lat' dir='ltr'><strong>1v,</strong></span> <span class='ocrx_word' id='word_1_196' title='bbox 779 3596 821 3652; x_wconf 89' lang='grc'><strong>10.</strong></span> 
     </span>
     <span class='ocr_line' id='line_1_31' title="bbox 76 3700 1156 3830; baseline -0.001 -72"><span class='ocrx_word' id='word_1_197' title='bbox 76 3772 91 3826; x_wconf 57' lang='lat'>²</span> <span class='ocrx_word' id='word_1_198' title='bbox 134 3701 479 3830; x_wconf 57' lang='lat' dir='ltr'><strong>lp7l‘eman.ll,15,l.</strong></span> <span class='ocrx_word' id='word_1_199' title='bbox 511 3700 633 3759; x_wconf 84' lang='lat' dir='ltr'><strong>Diodor.</strong></span> <span class='ocrx_word' id='word_1_200' title='bbox 652 3701 709 3768; x_wconf 88' lang='lat' dir='ltr'><strong>lV,</strong></span> <span class='ocrx_word' id='word_1_201' title='bbox 728 3703 774 3757; x_wconf 87' lang='lat' dir='ltr'><strong>ll.</strong></span> <span class='ocrx_word' id='word_1_202' title='bbox 802 3701 950 3757; x_wconf 79' lang='lat' dir='ltr'><strong>Dodwell.</strong></span> <span class='ocrx_word' id='word_1_203' title='bbox 970 3703 1096 3760; x_wconf 80' lang='lat' dir='ltr'><strong>Sielrler.</strong></span> <span class='ocrx_word' id='word_1_204' title='bbox 1116 3706 1156 3773; x_wconf 84' lang='lat'><strong>11,</strong></span> 
     </span>
     <span class='ocr_line' id='line_1_32' title="bbox 104 3793 189 3846; baseline 0 -17"><span class='ocrx_word' id='word_1_205' title='bbox 104 3793 128 3846; x_wconf 98' lang='grc' dir='ltr'><strong>Ρ.</strong></span> <span class='ocrx_word' id='word_1_206' title='bbox 180 3813 189 3829; x_wconf 85' lang='grc'><strong>.</strong></span> 
     </span>
     <span class='ocr_line' id='line_1_33' title="bbox 135 3860 1027 3938; baseline -0.002 -20"><span class='ocrx_word' id='word_1_207' title='bbox 135 3862 164 3932; x_wconf 75' lang='grc'><strong>9)</strong></span> <span class='ocrx_word' id='word_1_208' title='bbox 183 3867 310 3918; x_wconf 76' lang='lat' dir='ltr'><strong>Pausan-</strong></span> <span class='ocrx_word' id='word_1_209' title='bbox 330 3865 370 3933; x_wconf 93' lang='lat'><strong>11,</strong></span> <span class='ocrx_word' id='word_1_210' title='bbox 388 3864 433 3933; x_wconf 80' lang='grc'><strong>96,</strong></span> <span class='ocrx_word' id='word_1_211' title='bbox 451 3864 478 3918; x_wconf 75' lang='lat' dir='ltr'><strong>d.</strong></span> <span class='ocrx_word' id='word_1_212' title='bbox 497 3862 523 3917; x_wconf 91' lang='grc'><strong>9.</strong></span> <span class='ocrx_word' id='word_1_213' title='bbox 542 3881 567 3918; x_wconf 87' lang='lat' dir='ltr'><strong>e.</strong></span> <span class='ocrx_word' id='word_1_214' title='bbox 584 3862 628 3929; x_wconf 82' lang='grc'><strong>97,</strong></span> <span class='ocrx_word' id='word_1_215' title='bbox 647 3860 673 3916; x_wconf 89' lang='grc'><strong>8.</strong></span> <span class='ocrx_word' id='word_1_216' title='bbox 707 3861 854 3919; x_wconf 82' lang='lat' dir='ltr'><strong>Dodwell.</strong></span> <span class='ocrx_word' id='word_1_217' title='bbox 870 3885 899 3938; x_wconf 93' lang='grc' dir='ltr'><strong>Ρ.</strong></span> <span class='ocrx_word' id='word_1_218' title='bbox 919 3865 964 3920; x_wconf 70' lang='lat' dir='ltr'><strong>id·</strong></span> <span class='ocrx_word' id='word_1_219' title='bbox 984 3865 1027 3918; x_wconf 92' lang='grc'><strong>77.</strong></span> 
     </span>
     <span class='ocr_line' id='line_1_34' title="bbox 135 3951 870 4028; baseline 0.003 -22"><span class='ocrx_word' id='word_1_220' title='bbox 135 3951 164 4018; x_wconf 73' lang='grc'><strong>3)</strong></span> <span class='ocrx_word' id='word_1_221' title='bbox 183 3952 228 4006; x_wconf 81' lang='lat' dir='ltr'><strong>Cf.</strong></span> <span class='ocrx_word' id='word_1_222' title='bbox 246 3953 382 4007; x_wconf 86' lang='lat' dir='ltr'><strong>Mueller.</strong></span> <span class='ocrx_word' id='word_1_223' title='bbox 402 3956 473 4007; x_wconf 83' lang='lat' dir='ltr'><strong>[lor.</strong></span> <span class='ocrx_word' id='word_1_224' title='bbox 495 3953 556 4025; x_wconf 84' lang='lat' dir='ltr'><strong>lp.</strong></span> <span class='ocrx_word' id='word_1_225' title='bbox 575 3952 620 4006; x_wconf 92' lang='grc'><strong>71.</strong></span> <span class='ocrx_word' id='word_1_226' title='bbox 639 3952 670 4005; x_wconf 92' lang='lat'><strong>11</strong></span> <span class='ocrx_word' id='word_1_227' title='bbox 688 3972 716 4023; x_wconf 89' lang='lat' dir='ltr'><strong>p.</strong></span> <span class='ocrx_word' id='word_1_228' title='bbox 734 3952 790 4007; x_wconf 80' lang='grc'><strong>433</strong></span> <span class='ocrx_word' id='word_1_229' title='bbox 807 3973 870 4028; x_wconf 81' lang='lat' dir='ltr'><strong>sqq.</strong></span> 
     </span>
     <span class='ocr_line' id='line_1_35' title="bbox 136 4039 850 4117; baseline -0.003 -23"><span class='ocrx_word' id='word_1_230' title='bbox 136 4039 165 4108; x_wconf 77' lang='grc'><strong>4)</strong></span> <span class='ocrx_word' id='word_1_231' title='bbox 182 4041 327 4096; x_wconf 82' lang='lat' dir='ltr'><strong>Dodrrell.</strong></span> <span class='ocrx_word' id='word_1_232' title='bbox 346 4042 367 4096; x_wconf 92' lang='lat' dir='ltr'><strong>l.</strong></span> <span class='ocrx_word' id='word_1_233' title='bbox 386 4043 407 4097; x_wconf 94' lang='lat' dir='ltr'><strong>l.</strong></span> <span class='ocrx_word' id='word_1_234' title='bbox 424 4065 452 4117; x_wconf 90' lang='lat' dir='ltr'><strong>p.</strong></span> <span class='ocrx_word' id='word_1_235' title='bbox 470 4043 515 4098; x_wconf 73' lang='lat'><strong>62.</strong></span> <span class='ocrx_word' id='word_1_236' title='bbox 535 4041 579 4096; x_wconf 79' lang='grc'><strong>74.</strong></span> <span class='ocrx_word' id='word_1_237' title='bbox 599 4040 643 4096; x_wconf 85' lang='grc'><strong>76.</strong></span> <span class='ocrx_word' id='word_1_238' title='bbox 661 4040 706 4096; x_wconf 89' lang='grc'><strong>88.</strong></span> <span class='ocrx_word' id='word_1_239' title='bbox 725 4042 768 4097; x_wconf 74' lang='grc'><strong>99.</strong></span> <span class='ocrx_word' id='word_1_240' title='bbox 787 4045 850 4098; x_wconf 87' lang='grc'><strong>100.</strong></span> 
     </span>
     <span class='ocr_line' id='line_1_36' title="bbox 137 4128 814 4205; baseline 0.006 -23"><span class='ocrx_word' id='word_1_241' title='bbox 137 4128 226 4196; x_wconf 80' lang='grc'><strong>8)](1.</strong></span> <span class='ocrx_word' id='word_1_242' title='bbox 245 4151 273 4202; x_wconf 86' lang='lat' dir='ltr'><strong>p.</strong></span> <span class='ocrx_word' id='word_1_243' title='bbox 294 4131 329 4188; x_wconf 89' lang='grc'><strong>18</strong></span> <span class='ocrx_word' id='word_1_244' title='bbox 347 4151 389 4205; x_wconf 79' lang='lat' dir='ltr'><strong>sq.</strong></span> <span class='ocrx_word' id='word_1_245' title='bbox 426 4129 612 4205; x_wconf 84' lang='lat' dir='ltr'><strong>Pouquerill.</strong></span> <span class='ocrx_word' id='word_1_246' title='bbox 630 4131 677 4184; x_wconf 84' lang='lat' dir='ltr'><strong>lv</strong></span> <span class='ocrx_word' id='word_1_247' title='bbox 694 4149 723 4203; x_wconf 89' lang='grc' dir='ltr'><strong>Ρ.</strong></span> <span class='ocrx_word' id='word_1_248' title='bbox 743 4131 814 4187; x_wconf 78' lang='grc'><strong>157.·</strong></span> 
     </span>
     <span class='ocr_line' id='line_1_37' title="bbox 138 4218 585 4294; baseline 0.011 -22"><span class='ocrx_word' id='word_1_249' title='bbox 138 4218 165 4285; x_wconf 85' lang='grc'><strong>0)</strong></span> <span class='ocrx_word' id='word_1_250' title='bbox 185 4218 294 4290; x_wconf 82' lang='lat' dir='ltr'><strong>Scylax</strong></span> <span class='ocrx_word' id='word_1_251' title='bbox 310 4240 339 4294; x_wconf 90' lang='lat' dir='ltr'><strong>p.</strong></span> <span class='ocrx_word' id='word_1_252' title='bbox 358 4221 396 4275; x_wconf 78' lang='grc'><strong>43</strong></span> <span class='ocrx_word' id='word_1_253' title='bbox 413 4239 473 4293; x_wconf 82' lang='lat' dir='ltr'><strong>sqq.</strong></span> <span class='ocrx_word' id='word_1_254' title='bbox 493 4222 585 4277; x_wconf 80' lang='lat' dir='ltr'><strong>Gron.</strong></span> 
     </span>
    </p>
   </div>
   <div class='ocr_carea' id='block_1_10' title="bbox 79 4307 1162 4454">
    <p class='ocr_par' dir='ltr' id='par_1_10' title="bbox 79 4307 1162 4454">
     <span class='ocr_line' id='line_1_38' title="bbox 140 4307 1162 4382; baseline 0.001 -21"><span class='ocrx_word' id='word_1_255' title='bbox 140 4307 166 4374; x_wconf 91' lang='grc'><strong>7)</strong></span> <span class='ocrx_word' id='word_1_256' title='bbox 184 4309 306 4362; x_wconf 83' lang='lat' dir='ltr'><strong>Pausan.</strong></span> <span class='ocrx_word' id='word_1_257' title='bbox 318 4311 372 4372; x_wconf 90' lang='lat' dir='ltr'><strong>Ill,</strong></span> <span class='ocrx_word' id='word_1_258' title='bbox 382 4311 426 4374; x_wconf 88' lang='lat'><strong>1⁰,</strong></span> <span class='ocrx_word' id='word_1_259' title='bbox 446 4311 489 4364; x_wconf 96' lang='grc'><strong>10.</strong></span> <span class='ocrx_word' id='word_1_260' title='bbox 510 4311 587 4376; x_wconf 75' lang='lat' dir='ltr'><strong>cll,</strong></span> <span class='ocrx_word' id='word_1_261' title='bbox 608 4317 633 4365; x_wconf 93' lang='grc'><strong>1.</strong></span> <span class='ocrx_word' id='word_1_262' title='bbox 652 4309 757 4382; x_wconf 82' lang='lat' dir='ltr'><strong>Polyb.</strong></span> <span class='ocrx_word' id='word_1_263' title='bbox 766 4311 806 4381; x_wconf 80' lang='lat' dir='ltr'><strong>V,</strong></span> <span class='ocrx_word' id='word_1_264' title='bbox 825 4312 872 4382; x_wconf 78' lang='grc'><strong>99,</strong></span> <span class='ocrx_word' id='word_1_265' title='bbox 890 4312 918 4368; x_wconf 84' lang='grc'><strong>3.</strong></span> <span class='ocrx_word' id='word_1_266' title='bbox 937 4310 1162 4377; x_wconf 64' lang='lat' dir='ltr'><strong>mcxxxiv,</strong></span> 
     </span>
     <span class='ocr_line' id='line_1_39' title="bbox 79 4374 448 4454; baseline 0.005 -22"><span class='ocrx_word' id='word_1_267' title='bbox 79 4374 116 4444; x_wconf 78' lang='lat'><strong>28,</strong></span> <span class='ocrx_word' id='word_1_268' title='bbox 134 4378 158 4434; x_wconf 92' lang='grc'><strong>7.</strong></span> <span class='ocrx_word' id='word_1_269' title='bbox 175 4381 317 4436; x_wconf 81' lang='lat' dir='ltr'><strong>Dodrrell.</strong></span> <span class='ocrx_word' id='word_1_270' title='bbox 337 4401 366 4454; x_wconf 91' lang='lat' dir='ltr'><strong>p.</strong></span> <span class='ocrx_word' id='word_1_271' title='bbox 385 4381 448 4436; x_wconf 77' lang='lat'><strong>²89.</strong></span> 
     </span>
    </p>
   </div>
   <div class='ocr_carea' id='block_1_11' title="bbox 0 0 1444 5084">
    <p class='ocr_par' dir='ltr' id='par_1_11' title="bbox 0 0 1444 5084">
     <span class='ocr_line' id='line_1_40' title="bbox 0 0 1444 5084; baseline 0 0"><span class='ocrx_word' id='word_1_272' title='bbox 0 0 1444 5084; x_wconf 95' lang='lat' dir='ltr'><strong> </strong></span> 
     </span>
    </p>
   </div>
  </div>
 </body>
</html>
