2840 5084
268 320 330 398 ΙΙ.
366 321 427 396 De
454 321 696 398 Groeoorom
720 323 913 426 stirpibus.
1090 327 1139 400 49

71 504 108 575 ln
119 499 249 576 Aetolia
276 499 466 578 veteribus
492 499 700 600 Lelegibus
725 504 764 579 ot
780 502 986 582 Curetibus
999 509 1033 603 ⁸)
1059 511 1136 608 pri-

1 619 2 622 ’
72 626 154 673 mnrn
186 601 357 696 llyantes
396 627 416 674 e
448 601 612 674 Boeotia
651 627 675 674 a
710 600 983 678 Cadmionihus
1016 612 1083 678 aut
1114 633 1137 679 a

70 699 207 770 Boeotis
233 697 383 797 expulsi
396 701 450 792 ⁹),
476 695 612 772 deinde
637 697 733 798 Epoi
758 724 809 773 ex
832 697 1021 797 Elidem),
1048 727 1137 778 mox

67 791 205 868 barbari
229 821 305 870 uon
331 797 443 894 pauoi
470 819 520 868 ex
544 795 663 893 Epiro
691 798 797 870 mixti
830 823 931 876 esso,
948 796 1136 893 dicuutur,

69 896 122 992 qui
146 917 266 968 omnes
290 897 327 964 iu
353 917 549 966 commune
573 889 796 966 Aetolorum
821 919 957 968 nornen
984 895 1136 970 ooalue-

68 995 154 1067 runt.
206 993 456 1064 Acarnaniam
482 995 649 1062 veterum
675 993 765 1064 item
791 993 994 1084 Curetum,
1016 992 1136 1068 ,liele-

90 1112 155 1176 nm‚
184 1084 461 1177 Teloboarum,
493 1083 763 1184 Cephallenum
776 1088 821 1180 ¹¹)
855 1091 1001 1186 posteri
1031 1094 1136 1164 teue-

66 1112 162 1274 laut,
191 1180 328 1283 quibus
359 1191 493 1283 postea
526 1183 652 1258 eoloui
685 1209 706 1258 e
737 1184 923 1258 Corintho
965 1212 1136 1262 accesse-

66 1281 209 1372 ruot¹²).
267 1283 464 1354 Boeotiam
491 1281 629 1354 Boeoti
662 1276 855 1356 habehant
878 1281 1089 1358 Aeolenses
1116 1311 1137 1358 e

67 1377 251 1452 Thessalia
276 1377 440 1471 oriundi,
467 1401 549 1451 eum
577 1373 713 1478 quibus
736 1381 952 1480 Minparum
978 1388 1016 1456 et
1041 1379 1140 1454 Cad-

68 1479 217 1548 mionum
255 1475 437 1575 reliquiae
474 1472 667 1574 Paullatim
706 1473 951 1554 coaluerant:
996 1478 1140 1579 aliquot

64 1575 172 1646 tamen
199 1571 352 1671 oppida,
378 1571 508 1663 Stiria,
534 1570 863 1673 Thespiae,·llylo
896 1576 1010 1650 etiam
1033 1577 1136 1648 loni-

65 1696 120 1742 cae
149 1673 277 1769 stirpis
309 1667 455 1744 incidas
488 1665 665 1742 habuisse
704 1669 880 1745 dicuntur
893 1673 954 1768 13).
1010 1675 1137 1746 Attiou

62 1767 178 1840 lonurn
205 1770 308 1859 erat,
333 1765 560 1867 Pelasgieae
587 1769 728 1865 stirpis,
754 1766 891 1867 quibus
909 1767 1137 1866 tamenldel-

62 1863 154 1936 lenes
184 1891 204 1938 e
232 1861 433 1938 'l'hessaliu
465 1874 503 1938 et
537 1860 682 1963 aliquot
713 1866 824 1936 otiam
850 1863 1042 1938 Thracum
1076 1892 1138 1940 ve-

62 1967 168 2054 terum
185 1959 1138 2062 reliquiaepluresquevariarumstirpinmadreuae
1175 1990 1178 1997 ·

61 2057 205 2131 admixti
238 2085 323 2132 esse
356 2053 601 2151 rislentnr¹⁴).
657 2055 895 2154 Megaridem
928 2059 1138 2134 Dorienses

62 2160 341 2255 occupaverant.
381 2156 637 2254 Peloponnesi
655 2155 845 2228 meliorem
862 2163 1005 2253 partem
1026 2157 1137 2230 iidem

59 2253 267 2340 herienses¹
284 2249 496 2346 habebant,
514 2249 704 2326 veteribus
729 2252 875 2344 ineolis,
900 2255 964 2351 qui
990 2252 1138 2354 quidem

59 2376 123 2424 non
149 2350 273 2424 solum
300 2355 512 2441 vertissent,
537 2352 673 2447 partim
701 2345 867 2421 suhaotis
894 2356 933 2422 et
956 2352 995 2421 in
1032 2349 1136 2424 dedi-

59 2450 222 2522 ticiorum
250 2458 314 2520 aut
339 2473 533 2520 serrorum
561 2445 825 2528 condicionem¹
847 2443 1024 2539 detrusis,
1049 2472 1137 2544 par·

58 2546 111 2618 tim
151 2549 265 2618 etiam
306 2549 433 2619 mixtis
472 2569 555 2616 enm
592 2541 844 2617 lloriensihns
885 2545 925 2616 et
955 2546 993 2616 in
1024 2567 1137 2618 unum

57 2642 176 2740 populi
204 2669 345 2740 eorpus
378 2641 558 2714 contusis.
609 2637 706 2712 lllnd
738 2643 775 2712 in
803 2641 972 2712 Laronia
1005 2644 1044 2714 et
1067 2643 1138 2714 Ar·

53 2743 121 2834 gis,
155 2739 230 2812 hoo
255 2745 293 2812 in
323 2743 529 2831 Messenia,
561 2737 748 2831 Sicyone,
779 2735 973 2829 Phliunte,
1014 2739 1139 2812 'Proe-

53 2860 150 2927 reoe,
181 2835 354 2914 Corinthi
378 2836 516 2909 lartum
543 2834 675 2930 est¹⁵).
732 2835 915 2934 Reliquae
947 2832 1139 2932 Pelopon·

55 2938 125 3005 nesi
154 2935 317 3008 mediam
343 2937 487 3031 partem
503 2930 671 3006 mandes
697 2929 890 3017 tenebunt,
915 2930 1139 3026 Pelasgioae

53 3035 199 3129 stirpis,
241 3046 279 3106 et
316 3034 378 3130 qui
413 3029 614 3128 indigenae
647 3025 900 3102 credebantur
915 3030 976 3121 ¹⁶).
1034 3029 1139 3100 luter

52 3129 267 3219 Arcadiam,
299 3127 540 3227 Argolidem,
571 3127 778 3200 Laconiam
810 3125 997 3224 angustae
1032 3127 1141 3199 eraut

114 3333 149 3404 8)
174 3332 272 3390 Streh.
292 3337 331 3404 X,
349 3337 368 3390 3
385 3356 413 3410 p.
433 3337 496 3392 tot.
560 3331 562 3334 ¹

115 3421 149 3494 a)
173 3427 274 3482 sens.
295 3427 348 3492 rx,
367 3429 384 3480 a
423 3465 429 3478 .
449 3428 511 3482 401.
529 3425 654 3482 raanan.
673 3427 719 3495 x,
741 3425 792 3494 as,
810 3424 836 3480 r.
855 3421 955 3498 seps.
975 3397 1050 3496 Ble.
1068 3413 1091 3484 ις
1113 3445 1140 3478 v.

48 3494 166 3550 Aluolloe.
190 3497 321 3552 Eustath.
341 3498 377 3552 ad
395 3446 477 3552 Iliad.
497 3500 527 3554 Il
556 3520 582 3572 p·
603 3501 666 3568 ³11,
688 3499 729 3554 18.
1081 3495 1083 3502 “

88 3583 170 3712 pp)
190 3587 303 3659 upum.
323 3607 367 3660 ap.
387 3587 484 3645 svaran.
503 3589 583 3656 vnn
601 3591 619 3644 a
637 3609 665 3660 p.
683 3589 746 3646 aar.
758 3567 888 3642 'raum
901 3587 949 3654 .v,
974 3587 1000 3646 1·
1020 3586 1140 3656 asyma.

47 3673 71 3706 Y·
112 3679 119 3710 l

115 3745 171 3818 ll)
192 3749 319 3801 Pausan.
338 3749 416 3814 llll,
444 3749 493 3812 24,
517 3749 544 3802 4.
573 3715 763 3821 Armet-ap·
783 3729 879 3802 Slralr·
897 3747 972 3812 vn,
997 3746 1013 3800 7
1032 3765 1060 3816 p.
1079 3745 1142 3798 322.

48 3816 147 3872 Schol.
179 3819 276 3891 Apoll.
301 3819 396 3872 Rhod.
417 3822 448 3888 1,
475 3821 534 3872 747.
572 3823 618 3874 De
645 3821 785 3876 fabulosis
809 3816 994 3892 Amphilochi
1020 3825 1049 3870 et
1073 3815 1142 3870 Alo·

49 3895 180 3944 maeonis
199 3891 321 3944 coloniis
340 3891 376 3944 oi.
396 3893 515 3962 Scyron.
534 3910 565 3944 r.
584 3893 647 3946 455.
665 3894 731 3954 461.
786 3922 789 3931 ·

116 3977 173 4050 12)
194 3981 240 4036 cf.
259 3979 394 4038 Mueller.
416 3985 483 4036 Dor.
502 3983 517 4035 I
534 4001 561 4054 p.
579 3982 641 4036 ll'l·

118 4059 746 4150 mmfflmpmmmmw

119 4155 178 4226 14)
198 4161 266 4216 vit.
281 4163 362 4217 'inira
381 4163 414 4215 P.
435 4153 509 4232 V'§.
527 4161 555 4216 2·
612 4175 617 4198 ³

119 4245 468 4320 mmmmm
653 4257 654 4266 ¹

117 4333 175 4405 16)
195 4341 237 4394 Cf.
255 4362 342 4416 supro
360 4340 387 4410 ξ.
405 4342 429 4408 l,
450 4341 492 4400 ll·
