2806 5080
307 375 381 450 118
458 373 532 450 IV.
559 381 592 448 1.
616 373 677 446 Dc
702 371 992 470 Spartanorum
1016 391 1061 440 re
1078 361 1246 468 publico.

308 553 393 632 tolli
417 557 587 656 potuisse
612 553 791 653 apparet:
815 577 910 651 quae
924 577 972 624 ne
989 547 1102 624 latius
1117 553 1288 650 serperet
1300 581 1379 630 neve

310 677 518 752 egenorum
544 655 678 726 civium
702 647 857 724 suholes
882 651 991 722 nimis
1016 649 1226 741 cresceret,
1257 649 1379 727 lactum

308 777 387 824 non
412 753 591 842 remeet,
615 751 658 822 ut
668 746 798 866 plnres
813 743 952 820 lratres
967 749 1004 818 in
1022 771 1098 819 una
1112 743 1224 819 domo
1242 773 1379 824 consor·

307 851 368 922 tes
392 851 503 920 unius
528 849 640 918 etiam
666 853 766 919 mter
790 870 832 918 se
856 846 993 918 uxoris
1018 847 1251 918 consortium
1284 844 1379 920 habe

307 947 470 1042 rent¹²).
520 943 671 1017 Rursus
706 948 831 1016 autem
863 944 976 1014 ctiam
1009 943 1144 1036 augeri
1171 939 1304 1040 opibus
1327 971 1379 1018 su·

307 1067 380 1143 pra
405 1043 617 1116 ceterarum
638 1038 789 1114 modum
805 1035 968 1113 lumiliae
985 1044 1174 1138 poteraut,
1200 1041 1379 1141 siquando

307 1137 438 1240 plures
462 1141 548 1236 agri
573 1134 796 1212 hereditatis
818 1140 901 1209 iure
927 1134 974 1208 ad
1001 1159 1113 1206 cruam
1145 1141 1378 1236 pervenirent,

305 1262 430 1338 neque
446 1237 585 1337 'plnres
611 1236 739 1309 essent
763 1237 800 1306 iu
827 1229 1026 1323 calibem,
1061 1235 1161 1306 iuter
1186 1237 1282 1334 quos
1305 1234 1378 1308 diri·

289 1437 292 1456 Ι
308 1332 562 1452 derentur¹³):
587 1330 700 1502 iddque
715 1335 793 1450 tum
809 1334 1011 1431 praecipua
1030 1327 1116 1449 lieri
1129 1357 1285 1406 necesse
1299 1335 1378 1425 erat,

306 1427 525 1625 {tntilli
550 1428 663 1604 {lid
674 1426 1194 1624 ntllldttlttflttl.
1222 1454 1377 1605 litii

304 1627 443 1720 iugens
467 1623 530 1698 ille
563 1627 860 1716 terraemotus,
892 1627 955 1723 qui
989 1646 1088 1694 anno
1121 1625 1195 1696 466
1228 1620 1377 1723 ephebos

303 1719 509 1823 plerosque
534 1724 724 1796 interemit
736 1719 794 1813 11).
843 1716 1062 1793 Accedebat
1087 1719 1240 1794 tandem
1264 1722 1378 1821 Epita-

304 1815 366 1892 dei
390 1818 467 1914 len,
494 1845 591 1919 quae
616 1816 775 1892 liberam
800 1820 917 1891 cuivis
947 1841 1127 1915 agrorum
1160 1817 1222 1892 vel
1255 1817 1378 1892 douan-

304 1912 439 1989 dorum
482 1920 583 1990 iuter
627 1919 734 1989 vivos
779 1914 839 1988 vel
883 1921 1108 1988 testamento
1147 1912 1377 2014 legandorum

301 2015 529 2109 potestatem
553 2017 724 2112 permisit
737 2015 803 2109 ¹⁵):
831 2037 905 2113 qua
928 2010 1030 2109 lege,
1061 2037 1174 2112 quum
1201 2009 1307 2088 lacile
1333 2012 1377 2084 lo·

300 2108 544 2281 11111ἰῖ,
561 2109 1377 2303 111111119111113111111111011

300 2327 385 2375 rum
409 2260 658 2404 indequalitas
684 2306 814 2396 crevit,
832 2259 879 2376 ’et
903 2300 1092 2375 hominum
1117 2328 1297 2380 numerus
1323 2308 1377 2377 im·

301 2403 466 2475 minutus
493 2402 570 2496 est,
603 2411 647 2474 ut
670 2397 807 2570 hffiidis
842 2401 896 2474 lll
927 2403 1053 2474 aetate
1087 2425 1109 2474 e
1142 2405 1376 2502 septingentis

329 2500 366 2569 ni
392 2501 481 2571 tuuc
507 2499 619 2572 erant
644 2501 713 2572 ciri
743 2523 788 2570 us
814 2504 964 2571 centum
991 2498 1254 2572 tautummodo
1279 2513 1396 2598 agros

300 2523 498 2670 haherent.
549 2597 789 2696 Quamquam
815 2620 892 2667 non
912 2597 1032 2667 omnis
1051 2592 1162 2668 huius
1178 2595 1377 2670 malicansa

301 2687 351 2763 ah
382 2691 560 2790 Epitadei
597 2691 684 2792 lege
715 2691 923 2794 repetenda
955 2694 1031 2766 est:
1069 2718 1156 2764 nam
1194 2693 1375 2793 plurimum

299 2784 400 2862 hand
427 2788 539 2864 dnhie
559 2788 679 2864 ¹valuit
704 2792 815 2864 etiam
839 2792 1033 2863 Messenia
1057 2791 1395 2887 postLeuctrioam

327 2911 465 2984 agnam
492 2887 695 2986 Spartanis
722 2894 864 2986 erepta.
903 2886 983 2960 Sed
1008 2889 1258 2989 posteaquam
1279 2884 1376 2962 semel

297 2910 487 3058 honorum
520 2983 770 3087 inaequalitas
801 2987 1011 3083 irrepserat
1042 3009 1134 3058 mox
1160 2990 1274 3060 etiam
1297 2986 1394 3058 iuris¹

297 3083 396 3155 iuter
422 3087 523 3158 cives
549 3081 759 3184 aequalitas
785 3079 933 3154 turhari
949 3083 1061 3181 atquo
1078 3081 1254 3157 ordinum
1277 3077 1375 3184 quod-

301 3178 386 3250 dam
413 3179 613 3254 discrimen
639 3182 806 3254 existere
832 3182 970 3277 coopit.
1020 3177 1117 3250 Nam
1145 3184 1209 3281 qui
1234 3181 1375 3280 propter

297 3274 809 3476 ittitt‘l.;tl.ltt.2l,
822 3278 1375 3450 “ltllttl'ttllt'll

300 3531 501 3550 Q

366 3612 417 3684 12)
435 3616 540 3690 Polyb.
562 3617 698 3691 Excerpt.
722 3617 860 3672 Vatican.
878 3617 957 3683 ΧΠ,
981 3617 1008 3675 6.
1033 3615 1071 3672 el.
1094 3614 1297 3688 Philological.
1322 3615 1371 3668 hlu-

297 3703 379 3740 senm
398 3697 465 3743 torn.
485 3693 515 3746 lt
533 3709 560 3762 p.
579 3691 622 3746 70.

367 3793 414 3862 13)
435 3796 480 3852 Gt.
499 3797 656 3854 Hermann.
676 3796 826 3850 decausis
846 3802 902 3849 otc.
920 3815 947 3868 p.
965 3796 1010 3850 dl.
1035 3791 1215 3849 Lachmann.
1233 3816 1262 3868 p.
1282 3793 1337 3850 177.

370 3903 413 3970 14)
434 3904 565 3976 Thucyd.
585 3906 609 3969 1,
628 3907 690 3962 101.
725 3903 983 3972 Diodor.X1,63.
1018 3902 1164 3961 Plutarch.
1184 3903 1299 3957 Cimon.
1317 3896 1372 3956 cit

297 3974 404 4049 aliique
423 3996 467 4050 ap.
486 3980 617 4050 Poppon.
638 3979 674 4032 ad
693 3977 827 4049 Thucyd.
847 3974 867 4028 l·
885 3973 911 4030 l.

369 4085 414 4149 15)
433 4085 510 4142 Plnt.
529 4085 614 4154 egid.
635 4105 658 4139 c.
676 4087 703 4139 ὅ.
740 4086 841 4138 halam
859 4082 933 4136 hana
951 4081 1046 4151 legem
1071 4101 1135 4136 aare
1160 4087 1227 4154 poet
1245 4075 1371 4152 Lysandri

296 4163 417 4211 aetatem
436 4160 499 4228 ipaa
516 4157 666 4213 Plutarchi
684 4157 774 4210 vor-ha
792 4157 1004 4222 demonstrant,
1025 4154 1076 4208 sed
1095 4157 1151 4207 iam
1175 4153 1302 4208 valuisse
1317 4150 1371 4204 dri·

295 4227 407 4282 stotelis
431 4237 524 4283 aetate
549 4249 585 4282 ex
609 4227 694 4284 hniua
717 4229 814 4282 verhis
839 4225 926 4280 Polit.
950 4227 997 4294 11,
1021 4226 1052 4294 6,
1079 4227 1113 4280 10
1135 4225 1317 4278 manifestum
1338 4221 1371 4282 fit,

296 4319 467 4427 qaamqu‘pm
490 4300 664 4428 mistaten·
687 4319 748 4355 non
769 4307 849 4355 recte
865 4298 1001 4370 Lycurgo
1023 4297 1125 4353 tribuit
1148 4297 1226 4372 qnod
1243 4291 1372 4370 Epitadw

294 4385 321 4427 tr
353 4393 410 4427 uen
432 4391 479 4426 um
499 4391 569 4427 cra.
