2814 5080
273 383 387 460 aaa
526 383 566 458 V.
591 383 650 458 ne
673 407 719 458 re
736 379 895 485 petua
918 341 1216 457 rutenensem.

291 573 390 658 porta
425 563 641 658 dieitur¹⁷):
685 563 848 666 itemque
905 568 1038 666 eouuia
1069 571 1134 638 aut
1166 559 1355 641 abaciam

290 676 357 743 aut
387 660 436 738 ab
473 665 636 762 utroque
667 660 862 762 dependen
892 690 914 736 a
940 672 1039 754 erat,
1075 688 1147 760 pro
1174 689 1356 736 causarum
1399 669 1400 700 ¹

289 765 485 837 varietate.
534 763 701 834 Primum
734 763 830 834 euim
863 764 901 833 iu
934 763 1091 859 privatis
1117 765 1261 854 causis,
1296 787 1359 834 uua

279 864 398 943 minim
421 861 660 944 (iniuriarum
690 855 870 949 realium)
896 863 1045 931 actione
1071 866 1233 956 excepta
1254 862 1359 930 omni·

289 947 383 1046 bus,
420 981 516 1053 quae
549 956 697 1054 quidem
729 963 876 1030 eentum
910 953 1169 1029 drachmarum
1195 981 1360 1028 summam

289 1047 531 1144 excederent,
558 1061 794 1126 sacramenta
818 1051 866 1126 ab
890 1060 1053 1153 utroque
1078 1051 1362 1151 deponebantur,

287 1143 361 1220 hae
385 1153 511 1224 iameu
536 1147 641 1247 lege,
676 1152 719 1223 ut
751 1152 814 1251 qui
838 1153 1010 1248 vicisset²
1046 1153 1284 1224 sacramenta
1306 1175 1364 1222 sua

214 1299 224 1307 -
289 1243 338 1317 ab
364 1245 582 1322 adversario
615 1251 871 1346 recuperaret.
918 1248 1041 1321 Erant
1071 1253 1196 1320 autem
1221 1251 1261 1320 iu
1287 1272 1362 1319 oau-

289 1346 343 1414 ais
369 1341 591 1436 minorihus,
623 1369 720 1445 quae
744 1349 845 1418 intra
867 1343 969 1420 mille
994 1344 1255 1419 drachmarum
1281 1369 1364 1418 sum·

289 1465 387 1514 mam
427 1445 696 1532 consisterent,
736 1445 869 1518 ternae
901 1440 951 1516 ab
982 1447 1143 1541 utroque
1175 1439 1364 1516 drachmae

290 1533 559 1636 deponendae;
593 1542 633 1612 in
657 1536 882 1634 maioribus,
921 1564 1041 1641 usque
1067 1537 1114 1612 ad
1140 1537 1271 1612 decem
1296 1537 1365 1610 mii·

289 1632 373 1740 lia,i
387 1637 562 1716 tricenae
580 1637 639 1730 ¹⁸).
689 1643 733 1714 lu
758 1634 922 1737 publicis
946 1640 1071 1710 causis
1096 1643 1366 1710 sacramentaa

288 1731 505 1828 renuntia,
547 1730 595 1807 ab
625 1737 757 1810 actore
782 1741 860 1808 tum
885 1733 1030 1808 demum
1055 1733 1233 1833 ponenda
1258 1735 1366 1824 erant,

290 1833 495 1928 siupoeuae
520 1835 715 1931 irrogatae
739 1858 831 1932 pars
855 1831 1038 1932 quaedam
1055 1835 1128 1930 ipsi
1148 1857 1304 1906 cessura
1322 1856 1367 1902 ee

291 1931 368 2021 set,
410 1931 453 2001 ut
484 1926 604 2003 videri
628 1935 760 2028 posset
784 1955 860 2003 uon
885 1932 941 2002 rei
965 1926 1139 2028 publicae
1164 1933 1286 2004 sotum
1311 1924 1367 2000 sed

158 2063 161 2074 ·
291 2027 352 2097 sui
389 2051 538 2126 quoquo
571 2030 707 2126 privati
739 2025 924 2101 commodi
955 2051 1067 2099 rausa
1093 2052 1208 2124 agere
1227 2029 1284 2112 ¹⁹).
1333 2027 1367 2098 iu

290 2119 445 2222 reliquis
480 2121 572 2196 nihii
605 2130 757 2224 praeter
778 2131 986 2217 παράστασιν
1010 2129 1119 2197 actor
1143 2119 1367 2212 numerabat,

293 2243 448 2318 eamque
473 2225 593 2319 ipsam
617 2228 876 2320 perexiguam,
902 2247 949 2295 ne
974 2247 1082 2320 quem
1107 2223 1277 2320 sumpius
1302 2245 1367 2292 ma·

290 2315 452 2413 gnitudo
479 2321 707 2394 deterreret:
732 2324 841 2394 eraut
854 2326 990 2408 autem,
1016 2317 1205 2417 inquibus
1223 2343 1271 2390 ne
1289 2315 1370 2390 haec

295 2412 444 2512 quidem
470 2417 701 2491 numeranda
727 2423 840 2509 esset,
865 2415 1017 2492 velutin
1030 2421 1211 2502 εἰσαγγελίᾳ
1222 2416 1285 2512 ²⁰).
1312 2416 1369 2486 lii·

293 2535 406 2585 versa
437 2520 564 2588 autem
600 2514 648 2588 ab
676 2514 734 2588 iris
758 2519 931 2615 pecuniis
950 2539 1004 2588 ,ea
1029 2515 1107 2603 est,
1146 2537 1246 2612 quae
1272 2538 1370 2602 παρα-

292 2615 457 2702 καταβολὴ
483 2609 634 2687 dieitur.
686 2616 795 2688 flauo
822 2621 932 2687 actor
958 2611 1067 2685 sotus
1093 2607 1318 2708 deponebat
1339 2611 1370 2680 iu

295 2707 531 2782 instituenda
562 2715 735 2805 actione,
774 2707 1107 2811 recuperabatque
1146 2712 1179 2780 si
1214 2711 1375 2798 vicisset·

293 2803 498 2880 'amittebat
524 2816 664 2903 autem,
691 2815 724 2884 si
750 2816 818 2884 aut
844 2808 1079 2882 deseruisset
1104 2809 1292 2880 actionem
1317 2813 1372 2877 aut

297 2908 424 2980 vietus
453 2911 570 2997 esset,
599 2913 710 3009 quasi
738 2905 931 3008 qrrandam
958 2929 1122 3005 poenam
1138 2908 1284 2978 temere
1304 2904 1372 2975 iiii-

296 3003 487 3102 gandi²¹).
539 3004 781 3105 Deponenda
806 3013 934 3080 autem
958 3005 1214 3093 παρακαταβολ)
1242 3005 1372 3076 eratin

299 3102 527 3203 quibusdam
563 3103 788 3180 hereditatis
824 3100 1088 3204 petitionibus,
1122 3100 1268 3174 decima
1291 3125 1374 3198 pars

296 3200 509 3294 bonorum,
552 3207 586 3276 si
613 3206 700 3306 quis
725 3205 792 3275 aut
818 3199 1072 3276 adiudicatum
1098 3197 1210 3272 alieri
1236 3195 1374 3271 heredi·

199 3401 203 3414 α
299 3302 415 3373 tatem
441 3305 608 3400 peteret,
640 3309 708 3379 aut
732 3299 898 3376 nondam
925 3297 1176 3373 adiudicatum
1202 3299 1258 3370 ita
1277 3298 1374 3395 pete·

303 3497 501 3516 —n-——nnq

372 3617 419 3686 17)
438 3617 513 3675 ibid.
532 3639 560 3692 p.
580 3618 633 3675 614
651 3639 694 3693 sq.

372 3746 419 3814 18)
440 3747 509 3799 Vid.
528 3742 656 3798 Boeoilr.
675 3744 711 3798 de
731 3762 790 3800 ooo.
807 3761 830 3799 r.
847 3762 875 3818 p.
893 3746 929 3798 A.
948 3744 963 3797 1
980 3761 1006 3814 p.
1026 3737 1190 3795 369-373.
1225 3738 1308 3792 Proe.
1325 3737 1372 3787 Ait
1399 3761 1400 3830 p

298 3838 326 3892 p·
346 3820 510 3874 611-614,

372 3941 421 4015 19)
447 3946 542 3998 Unum
565 3939 652 3996 huius
676 3943 717 3995 rei
750 3940 910 4013 exemplum
938 3957 953 3991 e
978 3933 1128 3990 Demosth.
1157 3937 1187 3986 in
1212 3932 1331 4014 Maesti.
1354 3944 1375 3994 p.
1399 3949 1400 4018 p

203 4019 207 4028 “
302 4015 380 4083 1074,
400 4019 435 4072 19
455 4015 551 4085 attulit
568 4013 697 4067 Boeolrh.
716 4013 735 4066 l.
754 4014 773 4066 l.
791 4035 818 4086 p.
837 4014 900 4080 370,
920 4011 997 4084 quod
1017 4013 1085 4083 quin
1105 4007 1140 4059 nd
1156 4006 1236 4092 peiren
1248 4005 1378 4086 peritum
1399 4039 1400 4064 p

303 4085 427 4142 dubitari
453 4109 513 4141 nou
537 4095 639 4158 potest.
676 4086 746 4140 Vid.
766 4086 887 4139 Heffter.
912 4105 939 4156 p.
959 4083 1020 4137 186.
1056 4081 1137 4134 Idem
1161 4091 1303 4132 eonuoare
1321 4071 1380 4122 iuret

305 4161 388 4214 otiam
407 4164 437 4215 in
458 4161 627 4235 ἀπογραφαῖς
640 4159 758 4226 iactum,
778 4158 935 4230 dequibus
955 4155 1013 4210 vid.
1034 4153 1061 4222 §.
1075 4153 1119 4206 54.
1146 4155 1148 4162 '

374 4286 424 4355 m)
444 4287 571 4341 uocem.
591 4285 612 4340 1.
631 4285 695 4359 up.
714 4285 779 4339 aaa.
816 4285 899 4338 rm.
917 4283 977 4334 me
997 4299 1023 4351 p.
1043 4278 1104 4334 arr.
1399 4247 1400 4342 i

374 4390 425 4464 21)
443 4397 529 4450 Proo.
548 4399 610 4450 Art.
628 4414 657 4468 p.
677 4393 730 4449 616
748 4409 791 4463 sq.
