2814 5080
283 361 358 442 ast
486 363 526 440 V.
550 347 611 440 De
634 387 681 440 re
696 362 857 471 publico
880 362 1179 492 Atbeciqmmm.

283 575 356 652 que
381 545 562 624 citharam
586 550 660 644 ita,
698 549 732 620 si
757 547 917 624 serviret
939 551 1044 642 voci,
1084 575 1162 626 non
1188 550 1349 652 officeret,

282 672 411 724 comes
435 653 548 739 esset,
573 669 650 718 non
676 641 843 718 domina:
874 643 1084 748 modosque
1109 649 1264 725 canendi
1285 679 1349 747 eos,

284 749 348 846 qui
381 769 464 818 cum
497 739 636 816 decore
668 743 707 816 ct
736 743 924 840 gravitate
955 768 1087 818 vocem
1113 751 1279 822 canentis
1300 778 1349 824 sa-

272 868 353 942 pra
377 842 562 916 sermonis
587 837 832 912 humilitatem
858 836 1098 936 extollerent,
1123 868 1200 916 nou
1226 849 1350 944 quiex·

281 937 467 1016 saltarent
496 935 687 1030 licentius,
721 933 1012 1038 artificiosisque
1046 945 1275 1015 ornamentis
1296 971 1351 1020 na·
1396 995 1397 1006 a

280 1039 394 1112 tivum
426 1037 466 1112 et
499 1031 703 1134 simplicem
739 1035 944 1107 carminum
969 1031 1255 1132 pulcritudinem
1279 1067 1351 1115 one·
1395 1007 1397 1108 l

280 1131 474 1228 rarent5).
539 1131 780 1232 Quamquam
818 1127 1098 1230 posterioribus
1136 1133 1352 1234 temporibus

246 1241 250 1246 ’
281 1233 394 1305 etiam
418 1231 494 1303 ista
517 1230 682 1301 musicae
708 1231 801 1300 artis
827 1227 1044 1326 corruptela
1069 1235 1106 1304 et
1129 1227 1297 1327 luxuria,
1323 1238 1351 1308 in

279 1330 389 1402 Ionia
421 1327 584 1400 maxime
610 1331 648 1400 et
663 1322 763 1424 apud
779 1323 986 1399 Aeolenses
1003 1331 1100 1422 orta,
1114 1330 1228 1403 nimio
1243 1329 1352 1429 plures

279 1423 438 1499 Athenis
470 1424 840 1516 amatoresinvenit,
866 1423 1015 1522 ipsique
1040 1429 1178 1524 poetae
1206 1433 1353 1502 carmina

281 1542 359 1596 non
385 1518 433 1594 ad
450 1523 615 1618 priscam
638 1517 740 1594 illam
765 1519 1022 1619 [loricamque
1049 1525 1302 1598 castimoniam
1324 1533 1353 1599 et

281 1620 531 1712 severitatem,
560 1615 628 1690 sed
652 1615 700 1690 ad
727 1613 823 1692 hanc
847 1641 985 1690 novam
1008 1616 1201 1696 mollitiem
1226 1623 1265 1700 ct
1288 1620 1353 1698 dal-

281 1713 451 1791 cedinem
475 1737 702 1816 componere
727 1718 936 1814 coeperunt
954 1714 1003 1814 ⁶).

496 1867 501 1874 ’
591 1903 594 1910 ’
682 1881 1034 1974 §.Luxin-

376 2033 655 2136 Gymnasticam
691 2031 821 2134 pneris
858 2031 1091 2135 disciplinam
1122 2035 1354 2138 paedotribae

279 2131 513 2208 adhibebant
526 2135 573 2230 ¹),
599 2157 758 2233 quorum
784 2158 848 2206 ars
872 2159 949 2206 non
974 2131 1096 2208 solum
1120 2139 1238 2210 variis
1262 2161 1354 2212 exer·

280 2233 501 2305 citationum
557 2225 753 2324 eneribus,
789 2227 859 2304 sed
891 2232 1002 2304 etiam
1028 2240 1117 2332 apto
1144 2236 1267 2310 victus
1290 2231 1354 2308 cnl-

279 2335 415 2429 tnsqne
454 2255 568 2402 molo
607 2321 855 2428 laborumque
887 2332 926 2402 et
961 2331 1144 2430 requietis
1183 2337 1355 2430 tempera·

277 2433 404 2499 mento
437 2423 693 2500 salubritatem
728 2421 954 2522 corporibus
987 2451 1071 2498 cum
1096 2421 1265 2521 robore,
1289 2430 1356 2524 cgi-

275 2519 420 2598 litatem
445 2547 530 2598 cum
556 2519 694 2600 decore
706 2517 929 2624 praestabat
942 2521 990 2620 ²).
1020 2519 1259 2600 athletarum
1274 2528 1355 2602 enin

281 2719 483 2739 w

347 2836 381 2909 5)
406 2839 451 2896 Gi.
474 2839 550 2896 Plat.
574 2840 662 2910 begs.
680 2839 712 2894 11
737 2852 767 2908 Ρ.
786 2839 950 2900 ost-on.
973 2839 1042 2910 vn,
1061 2839 1124 2896 812.
1160 2839 1240 2900 Aet.
1257 2839 1351 2896 Protin

276 2929 322 2985 ep.
340 2910 483 2968 Athenae·
501 2914 580 2968 xlv
597 2927 626 2979 Ρ.
644 2911 707 2968 617.
1173 2933 1181 2940 ·

347 3015 380 3090 6)
399 3017 549 3104 Aristopb.
567 3017 668 3078 Nubb.
685 3038 715 3074 v.
733 3018 787 3076 96³
806 3038 869 3092 sqq.
906 3019 1005 3076 naun.
1021 3037 1051 3077 v.
1071 3018 1151 3075 1³28.

348 3122 379 3197 l)
406 3129 453 3182 n·
475 3128 652 3202 paedotribic
671 3133 701 3181 et
718 3128 890 3197 amaretis,
915 3144 990 3198 quae
1006 3128 1124 3179 nomine
1141 3127 1232 3181 modo
1252 3125 1352 3182 ccedet

273 3197 360 3254 modo
381 3199 512 3254 diversos
530 3202 726 3274 gymnasticae
744 3201 787 3252 rei
805 3201 956 3268 magistros
976 3197 1135 3268 designant,
1154 3199 1215 3254 vid.
1234 3201 1353 3254 Perizon.

273 3269 311 3323 ed
339 3270 449 3324 Aeliam
473 3273 513 3329 V.
532 3273 570 3326 u.
593 3273 630 3340 11‚
654 3271 680 3326 3.
716 3268 870 3342 Spanhem.
896 3267 932 3322 ad
956 3267 1104 3340 Aristopb.
1123 3269 1224 3324 Nubb.
1250 3290 1278 3325 v.
1300 3269 1351 3324 aot.

273 3359 333 3394 ven
356 3341 432 3396 Itala
460 3341 615 3398 discertatt.
640 3355 667 3408 Ρ.
690 3342 742 3396 691
771 3360 785 3394 c
807 3361 833 3414 q.
857 3339 1072 3411 wyttenbacb.
1096 3339 1133 3393 ed
1160 3342 1239 3396 Plnt.
1262 3337 1352 3395 Marah

274 3417 344 3466 tom.
362 3413 393 3466 11
414 3426 443 3480 Ρ.
468 3417 530 3469 155.
555 3417 609 3470 156
632 3413 773 3486 ο1.’1.1ρι.
787 3361 905 3483 lpreec.
925 3415 1009 3466 canit.
1027 3412 1126 3466 tueud.
1145 3425 1173 3477 Ρ.
1192 3416 1248 3468 133
1265 3416 1309 3474 Β.)
1325 3437 1351 3449 -

276 3485 545 3540 Commemorantar
562 3495 712 3558 praeterae
730 3486 845 3540 dierum
862 3482 1032 3554 (Wytteab.
1044 3483 1063 3535 l.
1083 3483 1128 3552 1.),
1147 3483 1255 3552 deinde
1271 3487 1301 3537 in
1317 3486 1351 3534 in·

274 3558 480 3629 scriptionibus
503 3560 695 3630 posteriorum
720 3567 877 3628 temporum
896 3553 1114 3628 tuoncsdotptflm,
1137 3555 1285 3618 παιδευταί,
1301 3553 1350 3625 ἡγε-

273 3628 363 3698 μόνες,
395 3628 553 3702 ὄπλομάχοι,
587 3637 615 3684 et
640 3631 864 3682 ministeriorum
887 3623 1006 3680 moduine
1027 3628 1213 3702 κωτρὸφνλαξ,
1240 3625 1350 3700 depopo‘t,

273 3699 419 3777 emaque
456 3701 528 3756 vid.
547 3703 634 3776 (torp.
650 3703 741 3756 lucer.
760 3718 809 3754 uo.
827 3700 890 3774 255,
910 3699 1061 3754 too-282.

345 3802 379 3877 1)
403 3805 644 3884 representaret
664 3809 764 3871 εὐεξίαν
778 3804 908 3878 σωμάτων
930 3802 980 3858 eci
1000 3807 1135 3875 καχιξίαν.
1171 3801 1248 3858 Plet.
1274 3805 1349 3866 Gorg.

271 3887 301 3942 Ρ.
318 3878 373 3932 tto
390 3883 427 3934 A.
466 3881 510 3936 (ii.
533 3882 569 3935 de
593 3901 626 3935 re
649 3881 729 3954 publ.
749 3880 810 3932 vtl
828 3891 856 3942 Ρ.
874 3878 927 3931 cal
946 3877 980 3928 Ε.
1016 3875 1151 3948 Xenopb.
1169 3877 1286 3930 Merum.
1302 3874 1347 3938 111,

270 3950 309 4003 11
331 3949 431 4023 ibique
454 3952 625 4008 Schneider.
661 3953 700 4006 Et
722 3951 800 4025 lpyor
820 3948 996 4020 παιδοτρίβου,
1025 3948 1118 4004 καλούς
1139 3967 1165 4001 τε
1182 3946 1231 4002 καὶ
1245 3940 1347 4019 ἰσχυρὰ

270 4024 355 4074 mlv
369 4019 424 4080 totle
440 4023 593 4100 ἀνθρώπους
606 4021 637 4079 rei
654 4024 773 4088 σώματα.
804 4020 880 4088 Plet.
907 4023 995 4089 Gorg·
1020 4031 1049 4085 Ρ.
1073 4021 1127 4074 433
1144 4021 1179 4072 Β.
1200 4019 1237 4072 ci.
1259 4031 1285 4084 Ρ.
1300 4015 1344 4069 nt

267 4093 305 4144 A·
324 4094 359 4147 Β.
377 4097 498 4150 emese
511 4096 598 4150 Polit.
617 4099 671 4161 1v,
689 4099 715 4164 1,
736 4096 760 4149 1.
790 4094 999 4164 Gymnuticen
1015 4090 1228 4163 paedotribicee
1247 4097 1343 4162 partem

267 4161 338 4216 dicit
359 4165 451 4220 lucca.
480 4167 516 4221 de
540 4178 660 4242 permut·
683 4181 712 4233 Ρ.
736 4167 771 4222 91
797 4164 889 4219 Orell.
913 4165 939 4218 E
963 4163 1172 4218 recentioribus
1195 4161 1252 4214 vid.
1273 4163 1344 4228 impr.

265 4233 347 4287 Hier.
365 4237 548 4294 Mercurialis
567 4240 603 4293 dc
621 4248 682 4293 erte
701 4237 889 4309 gymnastica-
907 4239 998 4290 Amet.
1018 4235 1094 4290 1672
1106 4234 1131 4286 l.
1143 4234 1173 4286 J.
1184 4235 1220 4286 11.
1231 4233 1343 4291 Kasara,

265 4303 436 4376 'l'beageaec
461 4311 532 4366 cder
553 4309 771 4366 wissenschaftl.
793 4307 983 4376 Darstcllung
1001 4305 1053 4360 der
1071 4303 1252 4380 Gymnastik,
1270 4305 1340 4371 sgo-

261 4375 353 4433 nistik
370 4399 398 4437 u.
414 4381 575 4456 Feetcpielc
594 4383 644 4438 der
661 4382 814 4438 Hellenen.
832 4379 911 4440 ltalt
929 4379 1007 4436 1835.
1026 4378 1054 4436 8.
