2814 5080
190 341 225 415 1.
256 343 318 418 De
340 342 428 418 dure
448 345 625 438 gentum
647 347 691 422 ιά
715 350 945 427 ααιῖαανιανιι.
1048 357 1123 432 369

48 521 338 624 oer105quodnm
371 527 556 623 utrimque
582 523 736 604 militum
760 557 919 611 numero
944 563 1020 610 uon
1045 565 1122 614 ma-

45 649 116 724 gno
146 625 243 695 inter
279 646 323 695 ee
355 619 622 695 committendo
637 625 688 716 ⁵),
727 655 885 728 quorum
911 638 1047 708 eventu
1073 641 1124 712 vi-

47 723 158 794 etoriu
189 716 378 791 finiretur:
416 721 504 790 item
537 744 585 791 ne
618 747 808 800 armorum
845 729 1028 828 quaedam
1051 759 1122 832 ge-

43 819 189 890 nemin
215 813 373 913 proeliis
396 840 582 913 usurpare
597 820 647 914 ⁶),
684 848 777 898 neve
810 823 965 922 tergaios
990 828 1122 906 hostes

43 914 134 987 uitro
157 925 284 986 certos
310 917 488 988 terminos
514 921 690 1016 persequi
715 918 903 1020 liceret7).
944 928 1123 1003 commu-

43 1015 101 1084 uio
123 1036 215 1084 vero
241 1007 426 1084 bellorum
452 1011 583 1108 iure⁸)
610 1011 703 1089 haee
729 1026 856 1112 erent,
886 1025 930 1094 ut
955 1028 1018 1123 qui
1037 1051 1122 1118 ma·

40 1135 104 1180 uus
129 1105 263 1180 durent
286 1110 324 1179 in
378 1103 505 1180 roeliis
530 1133 577 1182 ne
601 1112 907 1190 interimerentur
930 1145 955 1192 u
978 1125 1124 1198 victore

41 1203 101 1279 sed
127 1207 266 1302 captivi
292 1131 569 1278 abducerentur
581 1209 635 1301 ⁹),
659 1213 778 1313 utque
801 1217 1040 1312 permutandi
1059 1247 1123 1293 oa-

40 1303 219 1400 ptivos¹⁰)
253 1304 319 1373 ant
352 1299 558 1374 redimendi
591 1303 765 1382 hostibus
797 1319 969 1410 potestas
1000 1315 1122 1413 tieret,
1171 1365 1174 1374 -

39 1403 71 1471 in
98 1423 171 1500 quo
199 1396 405 1499 aliquando
432 1401 543 1471 etiam
569 1410 674 1476 uerte
698 1403 972 1506 redemptionis
996 1420 1122 1511 pretio
1257 1499 1262 1511 ¹

39 1523 103 1568 usu
130 1498 197 1568 eut
220 1497 342 1593 pactis
368 1497 573 1570 constituta
598 1503 775 1598 erant¹¹).
833 1505 913 1594 Qui
938 1535 1009 1583 nec
1035 1537 1123 1609 per·
1178 1575 1183 1586 ,

38 1596 164 1666 mutati
189 1619 262 1664 nee
286 1591 471 1691 redempti
497 1604 634 1689 essent,
660 1603 759 1674 servi
776 1599 937 1679 fiebunt:
964 1613 1047 1681 erat
1075 1637 1123 1687 ue

38 1689 126 1763 haee
151 1690 403 1790 plurimorum
428 1693 620 1767 servitutis
646 1699 829 1795 origofl).
872 1703 985 1800 Apud
1009 1633 1123 1784 61110-

44 1885 244 1904 -Ἀ

41 2003 121 2070 λήνων
139 2005 248 2058 dieitur
266 2018 283 2053 a
301 1999 446 2054 Strabone
463 2003 549 2071 vm,
570 2005 589 2060 3
612 2027 641 2080 p.
662 2009 725 2065 357,
744 2011 809 2068 ·cf,
833 2014 974 2070 flmflop,
999 2020 1053 2088 lx,
1077 2025 1122 2080 23·

35 2078 155 2130 Pausan.
175 2078 217 2144 V,
236 2075 262 2140 4,
283 2073 308 2126 l.
332 2075 417 2142 Dios.
433 2072 529 2128 Laert.
549 2077 574 2144 1,
593 2079 637 2134 74.
674 2083 830 2139 nemost
843 2106 888 2158 ap.
907 2090 1026 2161 Stobae.
1044 2095 1123 2152 litor,

34 2150 60 2202 11
77 2169 102 2220 p.
122 2150 157 2203 74
178 2146 283 2210 erist,
300 2144 351 2196 uhi
362 2149 594 2213 ,tergeminorum
611 2171 709 2224 pugna
726 2161 898 2230 proponitur
915 2160 1002 2230 plene
1023 2167 1124 2224 utilia

34 2222 105 2288 inter
122 2221 265 2274 Horatios
284 2223 313 2269 et
336 2217 492 2274 Curiatios.
527 2219 596 2275 Alia
618 2225 678 2280 uid.
705 2245 751 2300 ap.
780 2229 985 2288 Waehsmuth.
1010 2235 1045 2289 de
1067 2240 1123 2294 iur.

34 2299 121 2360 geutt.
140 2311 169 2363 p.
190 2292 227 2344 47
247 2295 277 2342 et
294 2287 338 2342 86.

99 2413 131 2486 5)
152 2417 318 2471 Notissima
337 2419 380 2467 eet
397 2433 495 2487 pugna
513 2417 722 2492 Spartanorum
746 2428 942 2480 trecentorum
964 2445 1028 2486 euur
1056 2437 1123 2490 toti.

31 2486 91 2540 dem
110 2490 244 2558 Argivis.
280 2486 424 2540 Herodot.
444 2490 469 2555 l,
488 2489 532 2543 82.
552 2493 678 2548 Pausau.
696 2495 734 2563 11,
753 2496 800 2551 38.

97 2595 131 2658 6)
147 2596 232 2647 luter
244 2592 449 2648 Chalcidenses
460 2603 488 2648 et
498 2596 674 2666 Eretienaes,
691 2597 729 2671 μὴ
736 2602 1003 2674 χρῆσθαιτηλερόλιις.
1021 2608 1121 2667 Strnb.
1170 2651 1174 2656 .

27 2664 109 2802 {iu}
125 2686 164 2792 ἐν.
188 2666 255 2721 448.
302 2666 405 2719 Simile
435 2667 505 2738 quid
527 2669 563 2722 de
587 2672 735 2728 veteribus
756 2673 885 2728 Anhaeis
904 2677 995 2732 refert
1019 2681 1124 2752 Polyb.

31 2881 34 2888 ,
97 2841 130 2916 7)
151 2839 290 2910 Thueyd.
308 2842 349 2910 V,
367 2842 412 2897 41.

97 2951 133 3018 8)
163 2951 287 3020 Παλέμιν
310 2947 392 3020 νὸμυι.
430 2921 536 3020 Po'lylr.
558 2952 599 3016 V,
621 2953 648 3021 9,
671 2955 696 3009 l.
732 2956 826 3024 11,3.
861 2958 1033 3031 Δικαιώματα
1049 2967 1123 3023 παλ.
1201 2949 1203 2958 ’

27 3043 87 3095 μων
103 3022 158 3095 (2)
179 3020 357 3077 Aristotelis·
393 3021 463 3076 Vid.
482 3028 615 3082 Ammon·
633 3044 656 3082 a.
676 3045 704 3083 v.
723 3027 779 3094 νῆει
794 3029 863 3102 iniq.
884 3031 1078 3091 Valckenaer.
1134 3099 1140 3114 ·

98 3132 129 3196 9)
151 3102 291 3198 Thuoyd.
311 3127 362 3193 lll,
381 3126 425 3181 68.
444 3128 487 3183 66.
507 3131 550 3184 67.
587 3130 633 3186 (ii.
653 3132 748 3188 Feitlr.
766 3137 921 3209 Antiquitt.
939 3139 1057 3194 Homer.
1069 3145 1124 3217 111,

29 3205 71 3262 14.
109 3202 202 3257 Alios
221 3200 360 3270 captivos,
379 3201 428 3268 qui
446 3219 506 3254 non
524 3204 578 3275 ipsi
597 3221 629 3258 se
648 3204 834 3276 dedidissent,
853 3228 1060 3282 saepenumero
1078 3221 1124 3270 in.

27 3277 168 3330 terfectos
190 3290 255 3325 ease
275 3277 396 3322 constat.

96 3381 147 3449 10)
170 3377 306 3450 Thucyd.
323 3379 361 3442 11,
380 3377 441 3432 163.
477 3379 517 3445 V,
535 3380 563 3434 3.

95 3489 153 3558 ll)
182 3483 286 3540 Τακτόν
308 3503 336 3536 v.
362 3479 436 3559 ῥητόν
453 3482 579 3559 ἄργῦριον
596 3494 821 3542 commemorant
839 3509 865 3545 e.
885 3511 910 3548 α.
930 3493 1052 3566 Thuoyd
1079 3500 1127 3551 IV

25 3561 67 3617 69.
113 3557 254 3630 Xenoph.
285 3555 365 3610 nell.
394 3557 448 3621 Vl,
475 3561 501 3621 2,
532 3559 577 3612 36.
619 3561 699 3613 lnter
722 3561 951 3633 Peloponnesios
975 3575 1056 3621 erant
1081 3569 1127 3624 dio
1160 3589 1162 3598 ·

23 3639 103 3703 μνέαι
124 3634 290 3704 τεταγμέναι
313 3629 368 3684 καθ
391 3623 475 3700 ἄνδρα
500 3628 667 3699 αὴζμιὲλωτυν
687 3633 799 3686 ἐκτίνειν.
838 3636 978 3692 Herodot.
1002 3641 1054 3704 VI,
1083 3643 1125 3698 79.

24 3705 174 3775 Singulae
201 3704 298 3754 minae
327 3699 482 3773 aliquando
500 3703 576 3752 inter
595 3703 762 3758 Corinthios
783 3712 812 3758 et
829 3707 1024 3776 Megarenses
1056 3715 1127 3766 Am-

21 3795 103 3900 ¹i1⁰¹¹‘
123 3773 374 3908 mittito
387 3771 554 3897 “titii
571 3773 1126 3909 ¹33⁰⁰*titit¹¹³titdttitttt

23 3869 38 3901 o
59 3869 95 3902 us
376 3881 383 3896 ·
508 3879 514 3892 ·
556 3883 563 3899 ·
627 3883 633 3898 ·
680 3879 690 3900 ι

22 3924 152 3974 Aristot·
184 3915 282 3970 Ethie.
306 3917 420 3972 Ninum.
445 3917 475 3968 V
495 3935 518 3970 o.
539 3919 580 3970 lo.
627 3920 707 3974 Inter
732 3923 910 3974 Demetrium
934 3923 1125 3982 Poliorcetam

22 3999 52 4045 et
76 3989 226 4046 Rhodios
250 3989 283 4041 Μ
303 3986 453 4060 drachmae
476 3987 561 4042 liberi
583 3987 720 4058 hominis,
749 3994 775 4044 D
796 3991 948 4046 draehmee
965 3999 1042 4050 servi
1059 4017 1125 4070 pre-

22 4067 96 4116 tium
141 4068 253 4116 aetum.
287 4059 409 4113 Diodor.
427 4060 497 4127 XX,
516 4060 559 4114 84.
596 4061 631 4114 ln
657 4066 785 4117 univers.
804 4063 840 4118 da
858 4067 940 4118 veria
955 4067 1050 4142 λιτρῶν
1065 4087 1128 4124 mas

22 4084 190 4204 gnitudine
220 4131 255 4184 ei.
275 4129 405 4184 Boeekh.
425 4129 485 4184 ore.
504 4151 528 4184 r.
547 4135 707 4203 p.A.1p.
727 4135 770 4188 77.
789 4135 834 4188 78.
869 4137 1127 4197 Commemoranda

23 4212 113 4262 etism
136 4206 195 4260 lex
214 4205 312 4258 Attica
329 4206 360 4256 in
380 4205 503 4257 eratin
520 4205 628 4271 Neaer.
645 4225 674 4278 p.
693 4205 764 4262 1²49
782 4213 856 4260 extr.
875 4209 947 4264 1869
957 4212 1003 4266 in.

98 4309 155 4378 ια)
178 4312 302 4366 surm.
316 4308 407 4366 rou
427 4311 452 4375 1,
470 4312 496 4378 ι,
516 4309 560 4366 ro.
853 4401 854 4405 Ν
881 4383 931 4459 24
