2806 5080
175 353 250 429 IV.
271 321 309 429 ll.
335 353 395 427 De
419 355 712 451 Spartanorum
735 377 780 428 re
796 353 968 456 pubto’eo.
1044 359 1115 434 115

42 535 206 638 reiplinae
244 536 506 610 communione
545 531 671 608 editus
702 533 751 610 ad
784 539 970 614 civitatem
1002 537 1114 618 datus

41 662 111 710 esse
141 630 358 726 videtur⁴):
391 631 475 705 aliie
506 633 631 706 autem
663 631 757 706 beee
788 661 949 734 perraro
973 640 1111 738 imper-

41 737 97 806 tila
110 733 141 830 ⁵)
168 737 256 803 ente
282 731 381 828 Agin
406 729 464 802 lll
489 733 527 802 et
553 728 795 804 Cleomenem
808 733 876 824 111,
903 737 966 833 qui
990 747 1033 808 ut
1058 740 1111 810 vi·

39 857 89 904 res
100 831 153 902 rei
166 824 341 926 publicae
355 826 542 924 angerent
554 824 738 924 plurimos
753 833 791 902 et
807 827 965 904 llelotns
987 835 1025 906 et
1038 834 1111 908 Pe-

38 931 170 1000 rioeeos
184 926 223 997 el
242 927 468 1022 peregrinos
490 949 638 1023 qnoque
659 927 949 1024 receperunt⁶).
990 927 1111 1028 Sper.

39 1029 195 1096 tenorum
208 1017 333 1096 tribue
348 1021 426 1094 tres
441 1023 568 1113 erant,
589 1023 737 1095 veteres
749 1021 1039 1120 illeeDorieae‚
1065 1029 1111 1105 de
1197 1025 1199 1030 ’

38 1117 157 1221 quibus
184 1115 464 1216 supradictum
491 1120 568 1192 est:
602 1115 732 1192 barum
765 1119 886 1194 denae
911 1127 1021 1196 erant
1046 1153 1111 1200 en·

35 1223 114 1311 riae,
178 1241 246 1288 nee
279 1213 463 1312 Spartani
496 1211 592 1288 obes
617 1213 815 1290 dixerunt:
847 1213 944 1294 ohne
976 1247 1110 1298 rursus

34 1241 991 1507 ieieitiiue1tuentiitutet*
1007 1345 1110 1491 en

33 1508 102 1582 inde
127 1535 151 1581 a
179 1437 374 1608 Plilydoro
400 1531 442 1578 re
473 1532 508 1598 e,
532 1511 574 1578 ut
597 1499 797 1580 universus
824 1467 963 1584 horum,
980 1539 1109 1589 nnme-

32 1633 81 1678 ms
104 1608 211 1680 esset
235 1627 371 1682 novem
397 1531 550 1676 millium
565 1603 608 1697 ⁷).
645 1603 745 1676 Post
771 1603 1014 1683 Cleomenem
1041 1638 1107 1686 nu·

32 1706 103 1797 tem5
125 1705 301 1802 plurimis
328 1697 553 1798 alienigenis
577 1704 615 1772 in
642 1701 831 1776 civitatem
845 1707 1022 1804 receptis,
1051 1735 1109 1783 ve·

33 1809 80 1874 tus
116 1799 213 1873 boen
250 1795 382 1898 populi
424 1795 557 1870 divisio
599 1791 743 1871 abolita
781 1797 952 1900 aliaeque
984 1802 1108 1880 tribus

30 1895 133 1973 ieelne
158 1895 334 1990 videntur
360 1919 412 1970 ex
436 1891 552 1994 urbis·
569 1893 808 1993 regionibus,
835 1923 929 1998 quas
945 1905 1109 2004 quinque

30 1991 126 2070 luisse
151 1998 219 2069 vix
244 1990 410 2068 dubitari
434 1992 622 2092 potest3).

82 2219 113 2291 l)
132 2218 224 2293 Apud
242 2216 378 2291 Xenoph.
395 2215 474 2274 Hell.
492 2218 533 2286 V,
550 2218 577 2286 8,
596 2217 614 2272 9
632 2219 663 2272 iu
681 2216 811 2286 Agesilai
831 2223 961 2282 exercitu
986 2239 1109 2283 nomme·

28 2301 161 2346 morantur
178 2296 245 2355 ξένω
261 2291 313 2344 τῶν
328 2292 463 2364 νροφίμων
478 2291 660 2361 καλουμένων,
687 2308 759 2361 quoe
778 2291 847 2346 lieet
869 2311 929 2346 nou
947 2294 1109 2365 Spartiates

29 2383 75 2417 ene
91 2369 239 2437 apparent,
258 2371 483 2416 eouaenteneum
501 2369 598 2414 tamen
618 2369 662 2415 eat
678 2361 793 2415 faciliua
811 2382 896 2436 quam
915 2363 989 2419 aliea
1013 2367 1050 2420 ad
1069 2371 1108 2423 ei·

28 2439 126 2525 ritatem
149 2437 305 2508 pervenire
322 2437 460 2529 potuine.
496 2436 593 2507 Atque
618 2432 675 2486 hun
699 2437 826 2558 perpinet
849 2439 935 2490 etiam
958 2437 1107 2564 Plntprah.

26 2507 459 2649 fflssgssatlnssosslflpfflffi
477 2507 509 2560 11
533 2526 562 2578 p·
583 2506 636 2562 lte
660 2506 741 2558 usuc
762 2524 805 2590 m,
829 2525 1002 2582 quamquem
1037 2530 1107 2566 oeur

1 2725 2 2728 ,
78 2685 109 2757 5)
129 2685 272 2742 Herodot.
289 2684 345 2747 tx,
362 2684 399 2738 33
419 2689 448 2737 et
465 2683 509 2739 35.
546 2682 592 2738 Gi.
611 2679 759 2738 Plutarch.
779 2671 867 2740 Dion.
885 2705 911 2744 a.
930 2687 974 2742 17.
995 2689 1106 2748 Meua,

26 2758 132 2814 llireell.
150 2761 260 2813 hanon.
275 2758 330 2824 IV,
350 2757 394 2810 10.

1 2853 2 2874 ¹
77 2864 108 2938 e)
128 2864 276 2922 nlenten.
295 2865 351 2934 ng.
371 2881 396 2917 ο.
416 2861 442 2920 e.
462 2861 572 2918 creon.
591 2880 616 2915 ο.
636 2861 670 2915 11
691 2869 721 2916 ee
739 2864 784 2919 oo.

81 2972 112 3040 7)
132 2976 181 3026 De
201 2972 264 3026 obla
284 2971 342 3028 vid.
363 2968 510 3026 Plutarch.
530 2970 654 3040 Lyeurg.
676 2989 699 3024 e.
720 2971 746 3026 6.
787 2969 922 3024 Mueller.
941 2973 1104 3046 Dor.11p.

25 3042 57 3099 l8.
92 3048 206 3098 Gentes
224 3041 327 3114 (γένη)
352 3043 429 3116 quod
453 3043 539 3095 eciam
565 3061 583 3096 a
600 3045 716 3095 nemine
741 3042 848 3096 diserte
873 3051 1029 3109 venantur-3
1053 3047 1105 3099 sed

25 3133 81 3184 qnae
101 3116 269 3171 llerodotua
287 3117 311 3183 1,
330 3114 366 3168 65
385 3122 588 3170 commemorat
604 3115 749 3187 τριακάδας
765 3113 916 3184 probabile
935 3121 980 3168 eet
1001 3124 1103 3186 genter

24 3185 106 3255 initae,
126 3187 370 3262 quemadmodum
388 3185 443 3240 hue
462 3187 537 3258 apud
555 3184 751 3240 Athenienses
770 3203 885 3258 quoque
901 3187 1038 3258 τρνανάδες
1061 3188 1104 3242 di.

24 3260 150 3314 eebautur
176 3279 194 3312 a
218 3259 391 3312 familiarum
416 3275 490 3332 quae
514 3261 544 3310 iu
569 3260 605 3312 iie
629 3264 712 3309 eraut
736 3274 866 3308 numero.
904 3257 948 3313 Ui.
967 3257 1104 3316 Mueller.

24 3348 45 3392 u·
58 3333 89 3385 81
108 3352 154 3406 aq.
191 3330 367 3384 Lachmann.
384 3351 412 3403 p.
435 3332 501 3396 133,
526 3331 576 3402 qui
599 3335 696 3382 teman
720 3329 750 3380 in
775 3345 809 3380 eo
828 3325 940 3382 fallitur
958 3330 1035 3401 quod
1054 3331 1103 3385 de·
1191 3375 1194 3384 ,

25 3418 68 3452 uta
83 3403 220 3472 gentibue
238 3403 371 3469 seruilius,
389 3403 514 3454 trioenee
534 3401 597 3453 obie
615 3409 717 3469 gentes
738 3398 848 3465 nituit,
865 3401 896 3452 in
915 3419 1040 3455 errorem
1060 3406 1103 3456 iu·

25 3472 112 3528 duetus
131 3475 210 3528 falsa
227 3493 292 3529 vno.
309 3473 416 3548 ιρνανάς
432 3475 679 3544 interpretatione,
699 3489 783 3542 quam
802 3479 911 3543 partem
929 3476 1103 3544 trigeaimem

23 3547 174 3612 riguilieare
193 3547 291 3614 eredit,
311 3565 397 3618 quum
416 3546 559 3614 signifieet
578 3551 669 3598 totum
690 3543 807 3614 aliquod
830 3545 948 3612 triginta
972 3548 1102 3618 partibus

23 3631 156 3672 onustans.
190 3619 268 3670 Nem
293 3617 371 3688 quod
394 3619 503 3670 Aratus
527 3615 731 3672 Piraeum-v.
751 3617 804 3668 654
824 3618 924 3670 erton
948 3617 1065 3682 (citatus
1084 3635 1102 3671 e

23 3689 161 3744 Boeehhio
182 3691 268 3761 corp·
286 3691 377 3742 Inser.
392 3689 408 3744 1
424 3709 452 3762 p.
472 3685 550 3757 900.)
576 3689 693 3761 poetica.
713 3685 831 3740 lieentia
854 3686 1006 3741 δνωδεκδδα
1031 3690 1103 3742 dixit

22 3777 64 3829 pro
87 3763 304 3835 δωδεκατημορίῳ
332 3779 392 3814 uon
417 3762 520 3832 opinor
545 3759 699 3833 quidquem
718 3758 816 3812 valere
836 3759 872 3811 ed
889 3759 969 3814 illam
987 3767 1103 3814 oenten-

22 3835 79 3886 tiam
97 3835 287 3907 probandam.

80 3938 112 4010 6)
132 3939 232 4004 Meuia,
251 3936 364 4002 Πιτάνα,
382 3934 549 4011 Κννόσῑννριι,Ι
560 3938 595 3990 Al
617 3937 908 4004 metuendum,
926 3935 1010 4008 Δῦμα.
1030 3937 1100 3994 Vid.

23 4008 67 4067 loe.
84 4033 132 4085 ap.
151 4011 288 4066 Mueller·
304 4011 334 4063 11
358 4030 386 4081 p.
405 4009 441 4063 to
465 4017 494 4061 et
516 3955 646 4062 Boeelih.
672 4009 790 4064 c.J.1
814 4029 842 4081 p.
861 4009 923 4063 609.
962 4010 1022 4062 nas
1052 4013 1101 4082 qui

21 4084 102 4137 tribue
126 4090 234 4137 voeent
253 4081 329 4136 tituli
349 4090 378 4134 et
395 4081 549 4152 reriptorea
568 4099 669 4134 omues
692 4088 760 4134 eunt
779 4080 936 4134 Cleomene
958 4085 1102 4136 reoeutio-

21 4170 67 4222 ree,
92 4163 123 4210 et
143 4159 329 4208 mutationem
354 4153 468 4224 qualem
491 4171 579 4226 supra
604 4154 689 4223 poeni
712 4171 776 4206 oum
800 4152 964 4208 Cleomenia
988 4151 1102 4224 legibus

22 4233 197 4281 oouiuuotem
228 4226 318 4280 luisse
347 4244 393 4279 rer
417 4227 481 4296 ipea
503 4233 537 4279 ut
555 4224 703 4276 eradamus
721 4223 884 4296 persuadet.
920 4226 1102 4298 Quamquam

22 4294 977 4443 titt‘tttts.‘tsztbltlttt‘iiltillimittit
995 4300 1102 4442 titt

557 4405 564 4422 ·
752 4403 760 4420 ·
820 4403 829 4434 r

42 4443 45 4447 ’
869 4441 889 4482 Ι
