2822 5082
202 346 233 411 1.
257 337 318 410 ne
343 334 538 412 hominum
562 333 605 408 ιἰι
627 331 759 407 Attico
780 333 994 430 generibus.
1068 335 1143 428 195·

11 567 12 596 1
66 518 162 596 modo
183 513 431 618 accipiebant,
458 511 757 616 dicebanturque
770 519 946 610 ἔπιπροικοι
959 517 1018 610 ¹⁸).
1057 516 1137 593 Sed

65 617 297 718 epicterorum
323 641 372 688 nu
403 615 476 688 tias
502 617 566 714 qui
589 639 733 712 genere
757 615 1139 713 proximierautiure

11 721 12 724 ’
63 721 228 804 ἀγχιστείας
252 641 449 812 postuddre
474 713 671 810 poteraut:
690 715 760 810 ¹qui
774 736 886 854 quum
899 710 986 810 lege
1007 714 1138 811 agunt,

64 811 297 888 ἐπιδικάζεσθαι
318 818 374 898 τῆς
396 809 566 899 ἐπικλήρου
591 806 765 880 dicuntur
792 810 848 902 ⁹):
879 805 1069 908 fiebatque
1098 807 1139 884 id

62 929 320 1004 saepenumero
347 905 459 976 ctiam
484 907 521 976 iu
547 906 591 980 iis
619 904 815 1004 epicicris‚
848 931 943 1006 quae
977 909 1050 980 iam
1084 905 1138 980 al-

60 1006 119 1075 teri
150 1001 445 1099 nupsisseut20).
495 1001 606 1074 Bona
637 1001 791 1099 epicleri
825 1006 981 1076 maritus
1014 1007 1139 1102 capie-

11 1131 12 1134 ¹
59 1096 132 1171 hat:
164 1098 232 1170 sed
268 1101 300 1170 si
335 1123 431 1198 quos
457 1121 506 1170 ex
533 1123 579 1171 ea
602 1096 702 1172 tilios
728 1109 990 1198 procreasset,
1021 1103 1138 1174 moris

60 1204 128 1268 erat
152 1199 195 1269 ut
220 1221 271 1268 ex
296 1197 342 1267 iis
367 1219 480 1267 uuum
506 1191 639 1268 horum
664 1192 853 1270 bonorum
879 1193 1056 1272 heredem
1080 1196 1137 1270 sa·

60 1301 150 1365 ceret
183 1318 330 1407 avoque
361 1295 533 1366 materno
567 1297 743 1394 tanquam
774 1293 889 1368 fitium
916 1293 1138 1396 ¹adoptivum

59 1394 260 1464 institueret
274 1391 332 1486 ²¹).
381 1391 480 1461 Huic
510 1391 628 1487 igitur
657 1395 829 1465 materna
868 1388 972 1465 hona
994 1389 1137 1465 'trade-

11 1527 14 1572 ι
61 1483 186 1560 hautur
219 1485 328 1560 simui
359 1493 473 1586 atque
498 1489 557 1558 sui
581 1489 675 1560 iuris
700 1487 824 1562 sactus
848 1487 1004 1580 e1·at²²).
1055 1486 1136 1564 Sed

11 1585 13 1674 t
61 1587 159 1656 ctiam
185 1611 282 1686 quae
307 1587 345 1656 iu
370 1585 594 1688 paupertate
619 1582 775 1658 relictae
801 1587 910 1659 erant
935 1583 1088 1684 epicieri
1114 1612 1138 1660 a

11 1697 13 1760 ι
58 1687 233 1778 proximis
266 1684 439 1778 cognatis
470 1681 537 1754 aut
565 1684 578 1754 i
607 1685 661 1754 sis
691 1686 729 1754 in
761 1687 1037 1756 matrimonium
1068 1680 1136 1756 du·

11 1823 13 1834 ,
60 1777 205 1872 rendae,
232 1785 298 1851 aut
323 1777 431 1852 atteri
457 1803 540 1850 cum
592 1782 655 1852 ote
682 1777 929 1854 collocandae
961 1782 1137 1876 eraut²³)‚

11 1915 14 1966 ς
59 1880 277 1976 omninoque
303 1873 406 1948 orbis
432 1872 579 1949 filiabus
604 1875 712 1974 leges
737 1903 813 1950 nou
829 1901 905 1949 uuo
918 1873 1031 1950 modo
1047 1904 1137 1976 pro·

11 2013 13 2024 ι
58 1984 266 2070 spexerant,
292 1999 366 2071 quo
391 1975 513 2046 miuus
539 1999 563 2047 a
588 1976 764 2074 cognatis
789 1977 856 2048 aut
880 1975 1025 2048 maritis
1042 1979 1137 2050 iniu-

11 2099 14 2168 ⁴.
57 2076 108 2142 ria
131 2069 374 2158 afficerentur
386 2070 448 2170 24).

521 2244 555 2324 i·
572 2237 664 2313 XX.
787 2272 790 2282 ·

11 2435 15 2445 .
150 2373 230 2461 (rui
263 2377 387 2444 autem
421 2373 503 2445 sine
540 2369 680 2446 liberis
708 2349 774 2444 aut
806 2359 1040 2452 naturalibus
1076 2379 1141 2446 aut

11 2485 13 2492 ‘
57 2467 240 2569 adoptivis
272 2471 475 2552 intestatus
507 2467 686 2574 obiisset,
722 2468 831 2544 huius
865 2467 1057 2584 hereditas
1090 2468 1141 2544 ad

56 2611 248 2627 —-

11 2660 14 2675 ³
121 2675 167 2743 18)
187 2677 327 2748 Harpoer.
347 2695 371 2730 ι.
389 2694 417 2730 v.
433 2676 550 2757 drideret.

15 2765 17 2836 .
123 2782 172 2854 19)
191 2786 277 2838 Petit.
301 2784 391 2852 chg.
408 2789 470 2839 Aa.
495 2805 522 2856 p.
540 2783 601 2838 539.
644 2785 773 2838 Bunseu.
799 2805 826 2857 p.
847 2785 889 2840 17.
931 2786 1137 2842 Meier.1'roo.

11 2861 17 2942 ᾗ
55 2857 115 2916 Aa.
131 2878 159 2930 p·
177 2857 240 2914 469.
277 2855 406 2910 Platuer.
424 2859 508 2910 Proe.
528 2875 555 2908 u.
576 2854 699 2925 Klageu.
717 2859 746 2910 11
763 2877 789 2928 p.
810 2859 873 2912 254.

124 2963 170 3030 2⁰)
190 2968 262 3016 irae.
281 2961 317 3014 de
335 2961 438 3033 Pyrrh.
456 2961 517 3019 her.
536 2961 563 3032 §.
582 2965 625 3018 64.
646 2965 682 3017 de
699 2967 788 3020 Arist.
807 2961 868 3016 he'r.
888 2962 915 3032 §.
935 2964 977 3018 19.
997 2989 1034 3003 -
1064 2965 1137 3018 item

53 3035 106 3088 viri
124 3053 331 3107 nonnunquam
358 3035 498 3106 epicleros
521 3035 633 3089 duoturi
659 3055 722 3088 oum
746 3039 842 3108 priore
866 3053 958 3088 uxore
982 3035 1136 3090 divortium

54 3107 201 3160 faciehant.
238 3106 385 3160 Demosth.
406 3109 469 3161 adv.
489 3107 592 3161 Euboi.
611 3127 638 3179 p.
660 3109 801 3176 1311,,16.
821 3125 929 3176 argum.
948 3127 989 3160 or.
1007 3111 1039 3162 in
1058 3110 1136 3162 Oue-

54 3185 105 3230 tor.
124 3199 150 3251 p.
171 3180 234 3246 86³,
253 3179 280 3234 4.

125 3281 173 3354 al)
192 3287 266 3339 leae.
288 3283 323 3338 de
341 3285 444 3356 Pyrrh.
468 3284 528 3340 her.
553 3285 580 3355 ἦ.
601 3287 644 3341 73.
687 3288 769 3340 nem.
795 3288 826 3339 in
849 3286 970 3338 Macart.
995 3285 1075 3356 1063,
1095 3286 1136 3342 16.

12 3365 14 3376 ”
56 3355 178 3411 Platner.
200 3357 332 3432 Symhoi.
353 3379 378 3430 p.
402 3360 460 3413 140.

130 3463 178 3532 22)
197 3464 268 3520 Vid.
289 3465 325 3518 ad
344 3467 417 3519 Isae.
437 3466 473 3519 de
493 3469 550 3521 Cir.
570 3465 630 3520 her.
651 3465 677 3536 ς,
696 3467 741 3520 31.
760 3490 798 3504 -
815 3464 876 3518 Sed
900 3466 986 3518 etiem
1009 3467 1035 3519 si
1056 3483 1141 3519 nemo

56 3555 91 3589 cx
108 3538 266 3609 uepotihus¹
288 3557 344 3590 avo
368 3546 498 3592 materno
523 3539 599 3592 iilius
624 3541 773 3592 institutus
797 3545 872 3600 erat,
896 3537 973 3590 hona
991 3545 1086 3590 tamen
1105 3539 1142 3590 ad

13 3621 14 3626 ’
53 3607 106 3662 hos
125 3609 335 3680 perveniebant
352 3618 501 3682 postquam
522 3610 719 3664 adoleverant.
754 3609 825 3662 Vid.
843 3611 917 3663 Irae.
937 3610 973 3662 de
991 3607 1093 3678 Pyrrh.
1115 3608 1142 3676 §.

54 3682 88 3735 50
108 3701 132 3734 c.
145 3700 244 3734 comm.
276 3677 409 3734 Ceterum
427 3685 451 3735 si
471 3683 568 3754 piures
588 3682 704 3755 epicteti
724 3689 806 3736 erant
824 3689 853 3734 et
872 3680 1061 3754 epieierorum
1079 3679 1142 3745 titii,

54 3769 150 3826 neque
168 3770 204 3805 ex
223 3752 269 3805 his
288 3763 362 3806 uuus
381 3757 605 3828 propinquorum
624 3773 768 3808 consensu
787 3772 844 3807 avo
862 3759 992 3806 materno
1011 3769 1063 3822 pro
1082 3751 1143 3802 titio

52 3827 212 3888 institutus,
230 3825 310 3877 hona
327 3828 403 3878 iuter
420 3836 526 3881 matres
544 3827 679 3899 filiosque
696 3829 727 3880 in
746 3829 841 3899 eapite
856 3823 1065 3878 dividebantur.
1096 3820 1142 3876 Gi.

11 3941 13 3974 ἐ
58 3898 96 3950 ad
116 3899 191 3950 leae.
211 3915 242 3969 p.
260 3899 323 3951 320.

126 4000 178 4072 2³)
197 4007 281 4060 Dem.
300 4007 331 4056 in
348 4003 471 4060 Macert.
487 4025 515 4078 p.
534 4006 614 4072 1067,
631 4007 676 4065 27.
712 4007 852 4078 Harpocr.
871 4021 896 4062 a.
913 4021 943 4057 v.
958 3999 1036 4068 θῆτες.
1060 3988 1142 4052 Phht.

12 4117 13 4124 .
53 4094 74 4128 ι.
93 4095 123 4128 v.
142 4077 244 4143 θῆσσαι,
262 4095 290 4147 p.
311 4077 354 4133 72
611 4087 616 4092 ·

129 4180 182 4247 24)
203 4184 248 4237 De
273 4186 386 4237 actione
411 4183 550 4243 κακώσεως
569 4181 710 4258 ἐπικλήρων
732 4182 791 4236 vid.
810 4181 912 4236 Meier.
931 4181 1016 4238 Proc.
1034 4181 1094 4233 Ara
1113 4198 1141 4251 p.

53 4253 108 4308 298
129 4273 193 4328 sqq.
233 4253 356 4314 Platner.
374 4258 405 4311 11
422 4259 451 4328 p‘.
470 4257 532 4312 224.
568 4255 639 4310 Inir.
657 4274 718 4329 cap.
736 4254 754 4312 8
773 4253 800 4324 §.
819 4255 864 4310 88.

853 4343 933 4418 13*
