2806 5080
9 345 11 394 l

231 329 261 402 I
267 327 305 404 V.
333 333 363 402 1.
389 325 448 400 De
474 323 763 424 Spartanorum
785 347 831 398 re
848 323 1020 424 publica.
1094 321 1164 396 107
1212 271 1213 274 Ἴ

84 505 338 583 Doriensibus
374 505 598 582 coaluerunt
611 505 662 600 ²):
701 503 800 580 unde
831 507 942 580 eiiam
974 503 1097 590 tribus
1131 511 1170 580 in

83 603 256 706 pluribus
281 604 416 678 borum
441 601 657 678 civitatibus
680 604 834 701 praeter
864 609 944 679 tres
975 603 1060 678 illas
1086 606 1169 677 Do-

84 708 180 777 rieas
207 702 306 777 aliae
331 701 544 800 complures
570 703 929 795 commemorantur,
962 727 1056 846 (puae
1090 728 1169 774 ma-

84 799 261 875 nifestum
298 803 357 873 est
390 801 558 873 veterum
594 794 804 870 incolarum
845 794 962 874 inisse
992 805 1023 895 ).
1090 800 1171 888 Qui

86 903 207 972 autem
241 922 318 969 non
350 899 388 968 iu
422 898 610 982 ciuitatem
635 891 810 986 admissi,
845 894 881 967 bi
915 905 980 972 ant
1013 899 1170 994 imperio

85 999 268 1069 victorum
294 991 456 1066 subiecti
481 996 520 1065 et
544 988 751 1085 vectigales
783 989 874 1064 lacti
905 998 1010 1086 sunt,
1042 992 1172 1093 quales

85 1091 248 1182 inerunt,
274 1094 337 1192 qni
362 1097 514 1182 περίοικοι
538 1086 638 1185 apud
664 1086 880 1185 Spartanos
907 1089 1077 1192 aliosque
1109 1115 1175 1160 vo·

87 1188 280 1286 canturi),
306 1189 373 1261 aut
397 1193 508 1262 otiam
534 1211 729 1258 servorum
756 1185 842 1258 loco
874 1185 1011 1282 babiti,
1045 1185 1173 1288 quales

87 1285 238 1361 inerunt
271 1283 371 1385 apud
405 1285 621 1384 Spartanos
652 1279 833 1376 llelotae,
875 1285 976 1384 apud
1009 1288 1173 1382 Argivos

88 1389 241 1474 γύμνητες
266 1411 296 1461 s.
321 1389 488 1473 γυμνήσιοο
513 1377 613 1477 apud
639 1378 846 1477 Sicyonios
869 1389 1088 1476 κορυνηφόροι,
1111 1409 1177 1448 rra-1

11 1542 12 1582 ,
89 1487 305 1573 ιονοιιιοφόροι
319 1479 364 1570 ⁵).
414 1479 536 1576 Atque
563 1475 694 1549 borum
721 1475 868 1576 quidem
893 1478 1067 1550 condicio
1092 1475 1174 1550 ior·

11 1583 13 1632 ¹:
93 1572 192 1645 tasse
219 1579 331 1648 etiam
357 1579 433 1646 anti
463 1578 548 1647 nior
574 1573 643 1647 luit
666 1574 909 1647 Doriensinm
934 1576 1173 1672 migratione,

13 1658 16 1676 ¹
95 1691 200 1764 quum
226 1675 300 1744 iam
326 1679 414 1746 ante
437 1600 511 1743 hos
535 1671 678 1745 Achaei
703 1670 764 1744 alii
793 1696 839 1744 ue
872 1669 1038 1745 advenae
1071 1669 1173 1744 devi-

95 1771 172 1840 ctos
197 1794 220 1840 a
245 1794 288 1842 se
310 1772 460 1869 priscos
484 1771 669 1844 terrarum
693 1697 840 1842 raedas
882 1771 920 1841 in
959 1770 1175 1841 servitutem

95 1863 284 1964 redegisse
309 1864 507 1939 videantur
521 1869 566 1960 ⁶).
581 1908 629 1925 -
655 1866 829 1942 Ceterum
854 1868 893 1939 in
918 1864 1021 1938 nulla
1045 1863 1176 1938 barum

99 1963 279 2036 ciuitatum
313 1965 523 2038 Dorienses
555 1967 677 2038 minus
710 1987 794 2036 eum
820 1963 1044 2060 alienigenis
1067 1963 1177 2035 mixti

101 2065 178 2131 sunt
201 2061 445 2160 institutaque
472 2087 603 2134 eorum
630 2069 667 2135 et
690 2085 817 2135 mores
850 2062 1085 2134 constantius
1116 2084 1176 2132 re·

105 2164 294 2254 spuerunt,
327 2183 436 2258 quam
462 2159 770 2233 Lacedaemone:
797 2154 1039 2259 quamodrem
1064 2181 1177 2256 quum

106 2255 138 2324 in
161 2259 295 2330 ceteris
321 2253 535 2330 civilatibus
562 2259 669 2356 quasi
699 2255 858 2355 quadam
891 2258 1177 2354 peregrinitatis

14 2389 15 2402 2
107 2357 321 2450 contagione
346 2357 474 2452 prisca
498 2349 728 2452 et'genuina
753 2355 997 2427 Doriensinm
1028 2351 1177 2426 indoles

108 2493 289 2510 *-

106 2556 146 2610 diu
161 2557 342 2615 Achaeorum
366 2559 456 2614 fuisse
479 2580 534 2614 nec
552 2563 608 2614 nisi
627 2567 693 2634 post
710 2557 788 2614 belle
807 2563 922 2614 Persica
945 2557 974 2613 ln
992 2561 1177 2615 Doriensinm

105 2638 263 2700 potestatem
292 2636 459 2700 pervenisse
489 2635 605 2686 coniicit
627 2633 725 2705 1³·⁸³2
753 2637 848 2686 minus
875 2633 1026 2706 probabile
1052 2633 1177 2686 ridetur.

106 2701 274 2758 Probabilins
298 2705 436 2776 estquod
456 2705 492 2758 de
511 2706 646 2758 Orneatis
671 2707 772 2758 statuit
788 2708 893 2778 Aegio.
912 2726 942 2778 p.
959 2707 1005 2760 48.
1041 2707 1086 2759 De
1104 2691 1165 2759 bier

108 2775 190 2828 mione
210 2785 238 2828 et
255 2778 347 2830 Asine
366 2775 402 2828 ei.
421 2795 498 2850 supr.
515 2778 549 2832 P.
569 2779 598 2830 ΙΙ
616 2775 645 2844 §-
664 2778 690 2844 6,
710 2778 752 2832 18.

165 2861 194 2936 2)
216 2865 263 2920 of.
281 2865 418 2918 Mueller.
436 2868 508 2919 Dor.
526 2867 542 2920 I
559 2886 587 2940 p.
606 2867 650 2922 87.

164 2951 194 3024 3)
213 2955 258 3008 Ite
276 2955 354 3026 apud
372 2958 507 3023 Argivos,
525 2955 550 3008 E
571 2955 706 3024 idaurios,
724 2957 883 3024 Aeginetae
895 2959 997 3026 quarta
1015 2953 1107 3006 trihus
1124 2953 1199 3008 init.

105 3025 262 3094 Hyrnethia.
282 3027 318 3080 ei.
338 3046 415 3099 supr.
433 3029 468 3081 P.
486 3029 529 3082 ΠΙ
548 2975 574 3098 ξ.
597 3030 637 3096 15,
655 3031 682 3081 4.
703 3027 778 3098 apud
796 3027 951 3095 Sicyonios
971 3025 1061 3078 tribus
1075 3028 1182 3095 Aegia-

106 3095 223 3188 lensium!
234 3099 606 3190 vid3ib3apudcorintbios
621 3107 686 3152 octo
705 3098 799 3153 tribus
817 3098 908 3150 fuisse
927 3095 1070 3150 dicuntur.
1097 3098 1181 3152 Suid.

106 3185 126 3220 s.
142 3189 166 3226 r.
185 3190 271 3224 παντο
288 3189 361 3224 eamr.

163 3254 195 3328 l)
215 3254 584 3330 cf.suprar.111§.15‚
608 3259 634 3314 (i.
654 3257 720 3310 inir-
740 3253 766 3328 §.
784 3259 812 3312 5.
847 3259 1023 3325 Argivorum
1046 3263 1188 3333 περιοίκους

103 3331 264 3384 Aristoteles
285 3337 487 3384 commemorat
503 3330 590 3382 Polit.
610 3331 654 3396 V,
673 3331 706 3398 2,
729 3329 778 3396 18,
802 3346 874 3400 quos
894 3329 1051 3401 Tirynthe,
1074 3333 1184 3403 Hysiis,

9 3447 10 3450 ,
105 3401 209 3464 ornus,
228 3405 372 3472 Mycenis,
391 3401 507 3456 Mideee
527 3401 648 3474 aliisque
666 3405 697 3454 in
723 3400 835 3472 oppidis
857 3403 1016 3456 minoribus
1039 3403 1185 3459 habitasse

103 3475 272 3527 el’ausania
296 3483 413 3544 apparet
437 3475 520 3540 VIlI,
538 3475 583 3541 27,
603 3475 628 3528 l.
665 3473 753 3537 Quod
778 3480 874 3526 autem
892 3475 1032 3532 Herodot.
1050 3479 1131 3540 vm,
1151 3479 1187 3532 73

103 3544 133 3596 de
151 3549 287 3617 Gynuriis
306 3547 390 3599 dieite
408 3545 613 3620 ἐκδεδωρίευνται
629 3544 659 3600 di
676 3545 727 3600 5πὸ
743 3563 768 3600 rr
782 3545 904 3619 Ἀργείων
921 3547 1061 3620 ἀρχόμνοι
1083 3547 1130 3600 καί
1144 3549 1187 3604 τοῦ

100 3616 1185 3746 tropon,offirgpppgpgrnoopgp,3333135353ffl-

102 3698 397 3834 thidrnrhnrdaddoque
422 3726 579 3834 respectans:
601 3764 650 3832 qui
682 3761 776 3814 simili.
793 3780 856 3813 cum
875 3727 933 3814 illis
953 3761 1122 3815 condicione
1142 3713 1186 3818 ebs

103 3840 169 3899 sent,
186 3831 338 3886 transferri
358 3835 502 3904 coepisset
521 3839 550 3884 et
568 3832 623 3885 init
642 3831 765 3886 fortasse
783 3851 843 3884 non
862 3851 920 3886 nna
939 3837 1066 3887 omnium
1089 3838 1188 3891 condi-

104 3905 154 3956 eio.
192 3903 239 3957 (li.
260 3912 289 3958 et
307 3903 442 3960 Mueller.
460 3904 565 3974 Aegio.
582 3924 612 3976 p.
630 3905 674 3960 48.

168 4007 199 4080 5)
221 4011 268 4066 Gi.
286 3989 395 4065 Pollux
412 4011 465 4076 ΠΙ,
484 4010 528 4065 83.
546 4009 688 4064 Athenae.
706 4011 752 4062 v]
769 4029 797 4081 p.
815 4010 878 4064 271.
898 4008 997 4081 Stepb.
1021 4013 1094 4083 1352.
1117 4034 1140 4068 s.
1158 4035 1188 4068 v.

107 4081 169 4138 Χίος.
192 4081 320 4152 Hesyeb.
342 4090 412 4136 tour.
430 4083 460 4134 11
484 4101 512 4152 p·
532 4082 595 4136 olo.
625 4083 722 4153 Etym.
739 4081 816 4134 eud.
835 4101 862 4149 p.
880 4081 940 4149 165,
958 4083 1002 4136 53.
1028 4085 1188 4142 Ruhnken.

109 4151 142 4204 sd
158 4155 266 4210 Timeo.
284 4174 315 4226 p.
333 4155 388 4208 alo
405 4172 467 4226 sqq·
484 4153 619 4208 Mueller.
637 4157 707 4208 Dor.
725 4155 755 4206 11
773 4172 799 4225 p.
819 4153 862 4208 55.
882 4152 925 4206 59.

20 4305 21 4332 ,
154 4256 205 4386 ιο56)
225 4261 270 4316 (ti.
290 4259 426 4314 Mueller.
446 4262 542 4314 1)οε.1
559 4281 588 4333 p.
599 4262 641 4315 74.
660 4257 836 4314 Lachmann.
855 4258 890 4313 de
909 4260 1042 4332 Sparten.
1061 4263 1189 4336 republ.
