2822 5082
289 371 363 447 276
491 368 530 439 V.
555 366 614 438 De
637 362 858 465 republica
882 361 1179 440 Atheniensium.

192 543 203 568 ⁶
296 557 399 632 sario
437 551 481 624 ul
522 554 628 622 certo
667 543 772 642 (1164)
806 543 904 645 npnd
938 548 1201 646 magistratum
1233 545 1369 622 adesset

297 647 479 728 edendam
508 672 554 720 ne
580 643 761 720 adversus
787 669 830 716 se
855 645 1042 718 actionem
1058 648 1369 743 cognosceret.-

296 753 396 824 Pern
429 671 525 820 uncle
557 746 595 814 in
626 745 685 814 ins
717 743 868 814 vuentio
901 750 983 814 erut
1015 737 1063 814 nb
1096 747 1183 840 ipso
1209 745 1370 835 actoru)

296 851 335 921 iu
360 872 410 944 pu
441 844 512 916 lieu
538 837 588 912 nli
615 863 665 912 nu
691 835 777 910 loeo
793 839 841 935 ⁶),
867 835 1048 912 adhibitis
1061 837 1236 933 testibus,
1262 843 1370 940 quisi

296 943 397 1018 sorte
422 939 485 1014 ille
510 864 615 1035 apul
634 937 895 1032 magistratum
922 934 1024 1008 dieto
1051 935 1110 1010 die
1135 963 1213 1010 nun
1235 963 1372 1038 eompa-

297 1041 455 1130 ruisset‚
495 1039 567 1110 rite
592 1040 767 1106 reustum
794 1057 879 1106 esse
903 1037 1155 1124 testarentur,
1193 1033 1293 1133 quod
1317 1063 1373 1109 eur

297 1161 456 1218 neeesse
488 1131 604 1206 fuerit
636 1155 728 1202 mox
752 1128 960 1228 apparebit.
1012 1131 1151 1206 Testes
1176 1134 1214 1203 in
1239 1134 1297 1206 ins
1320 1161 1373 1206 ru-

299 1235 461 1316 entionis
477 1233 626 1319 κλητῆρες
650 1225 844 1300 dicuntur:
869 1224 935 1300 sed
957 1224 1217 1319 Memnonen,
1244 1239 1282 1302 et
1297 1257 1372 1329 pro-

296 1339 381 1438 prie
407 1325 568 1430 quidem,
593 1330 636 1396 nt
659 1325 822 1418 videtur,
851 1328 1010 1396 nuncios
1036 1323 1219 1424 quosdam
1245 1325 1372 1426 signill-

299 1439 373 1520 ent‚
399 1447 558 1528 quornm
583 1446 701 1520 opere
715 1417 894 1494 absentes
913 1423 1024 1494 iuius
1040 1421 1282 1518 vocentnrl).
1312 1427 1373 1496 Va-

301 1528 515 1613 dimonium,
540 1522 573 1592 si
598 1516 745 1618 quidem
772 1543 854 1591 enm
876 1514 1020 1591 civibus
1032 1521 1214 1616 ageretur
1226 1522 1273 1615 ⁸),
1299 1521 1373 1594 ulie·

299 1651 388 1700 num
421 1620 505 1694 erut
537 1613 586 1690 ab
611 1613 893 1688 Atheniensium
923 1613 1110 1688 moribus:
1152 1642 1276 1720 neque
1301 1621 1374 1715 engi

301 1718 541 1798 adversarius
574 1715 728 1812 poterat
757 1713 799 1786 ut
835 1714 960 1786 statim
992 1716 1031 1786 in
1063 1717 1122 1786 ins
1153 1723 1372 1818 sequeretur,

299 1821 452 1921 praeter
476 1811 698 1885 manifestus
713 1807 948 1910 quorundam
972 1807 1205 1908 delicturum,
1232 1837 1373 1914 quemn

275 1916 481 2004 «ἀπαγωγὴν
505 1907 613 2006 leges
639 1914 920 1982 concesserunt.
969 1905 1084 1980 Statu
1110 1907 1169 1981 die
1196 1909 1296 2009 apud
1312 1936 1373 1981 mn-

299 2017 516 2116 gistrelum‚
540 2009 646 2079 euius
670 2006 708 2077 in
735 2029 884 2104 quoqne
909 2030 1106 2076 causarum
1129 2031 1273 2102 genere
1297 2009 1372 2079 iuris

303 2115 418 2186 dictio
445 2113 547 2180 esset
559 2107 606 2199 ⁹),
637 2105 797 2200 primum
823 2105 984 2173 omnium
1009 2105 1109 2173 aetio
1135 2103 1283 2178 edenda
1307 2107 1372 2176 erut

302 2213 445 2306 scriptu
485 2203 711 2298 consignata
732 2200 796 2290 ¹⁰).
861 2196 1032 2272 Libellus
1074 2197 1132 2271 vel
1164 2203 1304 2292 ἔγκλημα
1328 2197 1372 2270 vel

301 2313 389 2397 λῆξις
410 2300 481 2396 rel,
507 2302 540 2370 si
565 2295 715 2394 publicu
731 2301 954 2386 censuerat,
974 2301 1094 2385 γραφή,
1116 2297 1260 2381 ἔνδειξις,
1283 2303 1373 2386 φάσις,
1399 2323 1400 2338 ¹

301 2403 460 2489 ἀπαγωγὴ
500 2420 572 2494 pru
609 2396 767 2468 aetionis
798 2417 942 2490 genere
973 2390 1187 2489 diciturss).
1235 2394 1372 2467 Exami-

304 2589 503 2608 m

374 2691 405 2760 l)
424 2692 463 2744 Et
481 2689 648 2762 plerumque
666 2686 791 2758 quidem,
809 2693 841 2740 ut
858 2687 984 2756 ridetur,
1001 2693 1066 2760 post
1080 2690 1150 2741 diem
1164 2693 1299 2760 quintum.
1314 2688 1370 2741 vid.

302 2766 343 2821 ib.
362 2783 391 2835 p·
409 2763 471 2828 579,
490 2771 519 2814 et
538 2762 572 2814 de
592 2761 677 2812 certis
697 2759 798 2813 diebus
818 2759 992 2813 edendarum
1005 2760 1081 2832 apud
1094 2764 1288 2829 magistratum
1299 2765 1371 2814 aetiu-

302 2855 371 2894 num
390 2855 418 2907 p.
436 2837 488 2889 577
507 2852 550 2907 sq.

377 2942 409 3012 5)
435 2943 469 2996 Si
495 2945 576 2992 autor
598 2937 758 3010 inquilinus
783 2944 858 3006 eret,
889 2940 1044 2992 comitante
1067 2946 1191 3012 patrono
1211 2959 1234 2994 s.
1252 2947 1367 3012 prestab.
1397 2963 1398 2970 1

303 3016 373 3070 vid.
390 3015 429 3068 ib.
446 3034 474 3085 p.
492 3013 555 3066 561.

375 3120 405 3186 6)
425 3119 497 3172 Ibitb
514 3137 543 3190 p.
562 3115 616 3170 588
634 3134 677 3187 sq.

374 3223 405 3296 7)
424 3225 495 3281 [siu
513 3244 541 3296 p.
560 3224 622 3279 590.

374 3330 406 3401 8)
431 3335 476 3385 De
499 3333 659 3404 peregrinis
681 3328 740 3383 vid.
765 3330 848 3381 Pron.
867 3331 927 3382 Alb
954 3347 982 3402 p.
998 3326 1050 3382 581
1071 3333 1100 3381 el
1116 3327 1178 3384 583.
1213 3330 1315 3384 Ibidem
1330 3345 1365 3378 ex·

304 3407 388 3478 posui
411 3407 495 3456 etism
518 3405 623 3475 quibus
645 3406 676 3454 in
700 3403 794 3454 causis
821 3404 899 3454 eires
918 3399 1074 3454 subverlet
1093 3399 1162 3452 dare
1181 3402 1363 3456 conutitutis
1396 3435 1397 3440 ¹

306 3495 450 3531 carcerem
468 3477 591 3527 coniecti
609 3476 675 3526 sint.
1218 3511 1221 3518 .
1396 3495 1397 3526 p

375 3579 405 3650 9)
428 3583 474 3636 no
495 3579 539 3632 bis
563 3597 615 3650 pro
640 3583 741 3632 nostro
768 3577 891 3643 oonsilio
917 3539 987 3632 setis
1006 3577 1113 3632 (lictum
1132 3582 1224 3632 estin
1243 3573 1360 3649 espitele

303 3653 525 3723 magistratibus.
551 3653 773 3704 Aeeurntissime
792 3649 828 3703 de
846 3649 1025 3720 singulorum
1035 3653 1106 3706 iuris
1119 3649 1246 3705 dictione
1256 3648 1359 3721 exposuit

302 3729 431 3782 Meierus
447 3727 533 3779 Proc.
550 3725 611 3778 Au.
630 3721 681 3774 lib.
699 3724 723 3775 Ι.

373 3830 423 3903 10)
443 3829 625 3884 Tredebntur
641 3825 715 3880 baeu
733 3833 782 3880 nul
798 3829 853 3899 ipsi
870 3829 1061 3896 magistratui,
1080 3835 1132 3881 ant
1142 3828 1262 3896 scribae,
1279 3831 1354 3878 rutae

302 3909 418 3964 sessori.
454 3905 537 3957 Pron.
554 3903 615 3954 Au.
638 3920 665 3972 p.
685 3901 751 3964 599,
777 3907 805 3952 et
823 3899 937 3971 publice
955 3903 987 3951 in
1005 3897 1073 3952 elbo
1091 3903 1228 3970 inscripta
1243 3911 1356 3972 propone·
1395 3913 1396 3920 ¹

303 3981 388 4034 batur
406 3993 457 4048 pro
475 3971 622 4040 tribunali,
641 3989 698 4044 quo
717 3973 854 4040 cognosci
873 3971 908 4022 nb
928 3971 1060 4024 omnibns
1078 3979 1185 4043 posset,
1204 3987 1311 4045 quornm
1325 3969 1356 4018 in·

301 4055 430 4108 teresset.

372 4133 422 4204 11)
446 4132 518 4187 Ibid.
540 4139 570 4197 Ρ.
593 4129 647 4185 594
668 4146 730 4202 sqq.
766 4127 861 4183 Elium
881 4127 1028 4205 ἀναγραφὴ
1046 4131 1082 4184 de
1100 4133 1205 4184 acturis
1222 4128 1310 4183 libello
1323 4129 1355 4176 eu

303 4231 348 4284 ap.
366 4209 480 4262 Platon.
498 4201 622 4274 Apolog-
641 4223 666 4256 u.
685 4205 728 4270 15,
748 4221 918 4274 quemquem
937 4206 1052 4274 proprie
1076 4201 1131 4255 bue
1150 4221 1250 4256 nomen
1268 4207 1308 4252 aul
1321 4196 1352 4278 rei
1394 4255 1395 4274 χ

299 4281 430 4337 libellum
452 4275 603 4343 signifieat,
623 4282 672 4326 sut
694 4278 723 4326 in
741 4272 910 4328 hereditatis
928 4274 1114 4344 petitionibus
1133 4275 1169 4326 de
1187 4276 1299 4328 omniun
1315 4283 1351 4338 11¹1!

298 4359 374 4410 inter
391 4370 422 4404 se
441 4347 619 4401 centendunt
635 4345 741 4398 libellis
759 4345 872 4400 dieitur.
911 4345 980 4397 vid.
999 4346 1036 4398 ib.
1056 4367 1083 4418 p.
1103 4347 1163 4400 629.
1257 4373 1262 4386 .
