2838 5080
248 370 323 446 4³⁰
454 371 518 448 VI.
543 371 603 444 De
628 367 819 444 tosticum
843 368 943 442 citrei
962 368 1149 462 gentilem.

246 557 349 630 talos
374 550 441 627 a'u'l
459 553 535 625 'suo
558 549 752 624 voluntate
777 555 841 624 aut
873 552 910 624 vi
941 551 1040 624 metu
1069 577 1116 626 ue
1147 553 1344 650 receptae,

246 653 418 752 adeoquo
448 653 549 722 intra
573 675 717 748 pancos
742 673 864 720 annos
891 651 1013 722 omnis
1039 578 1120 730 Fere
1131 651 1244 722 Asiae
1274 674 1347 722 ora

246 776 330 824 cum
363 747 624 844 Hellesponto,
651 743 866 836 Chalcidice
898 749 1110 847 ceterisque
1140 751 1179 820 in
1213 744 1345 818 'l'bra-
1415 755 1416 830 Ϊ

247 852 329 921 cine
355 872 400 918 ac
424 842 675 918 Macedoniae
701 843 820 916 latere
847 842 1003 917 Graecis
1031 870 1236 943 omnesque
1263 850 1341 916 Ae·
1415 849 1416 866 ¹

241 947 335 1043 gnei
375 946 489 1014 maris
525 939 676 1026 insulae,
739 941 936 1037 rincipatui
972 966 1103 1014 eorum
1143 939 1341 1014 subiectae

247 1043 348 1132 sunt,
372 1037 507 1140 quibus
533 1040 680 1135 inipso
707 965 880 1124 bruccia,
906 1061 953 1108 ne
981 1036 1027 1110 de
1046 1039 1344 1114 Plataeensibns

246 1138 378 1228 dicam,
405 1138 645 1209 accesserunt
672 1132 899 1233 aliquamdiu
925 1135 1189 1231 Megarenses,
1215 1163 1341 1234 porro

248 1237 401 1332 Oropii,
425 1235 665 1329 Naupactus,
692 1229 850 1330 deniqne
865 1233 902 1302 iu
917 1232 1025 1303 Ionio
1042 1237 1139 1322 mari,
1151 1238 1340 1334 Corcyra,

223 1331 461 1433 'Zacynthus
475 1327 642 1428 aliaeque
659 1327 803 1402 insulae
817 1329 864 1422 ²).
910 1328 1095 1427 Condicio
1121 1338 1245 1404 entem
1273 1358 1339 1404 so-

243 1421 1119 1668 ttt'÷l¹{“f.¹2‘.ttss‘¹tlldid'tt..tillidi¹
1133 1455 1340 1598 ttulit
1379 1481 1383 1486 ’

244 1619 1340 1818 11111.’1111711117173111111Ἑξ311....1131111Ἴῖ
1416 1675 1417 1716 .

242 1823 339 1894 riter
390 1819 567 1912 anticipes
593 1813 813 1914 luisseutl),
848 1840 969 1912 neque
997 1817 1196 1916 quidquam
1221 1748 1338 1890 Atlle-

243 1844 440 1991 niensibus
465 1913 746 2010 praestitissent
771 1914 842 1982 nisi
869 1917 935 1983 aaut
968 1939 1084 1987 naves
1114 1913 1162 1987 ad
1195 1912 1336 1988 bellum

244 2017 452 2090 instructas
486 2013 749 2108 armatasque,
790 2011 856 2080 aiut
894 2007 1062 2084 modicas
1093 2017 1337 2108 pecuniarum

244 2111 467 2188 collationes
494 2131 543 2180 ex
568 2105 797 2206 aequissimo
821 2106 997 2179 Aristidis
1022 2105 1275 2207 descriptione
1291 2112 1335 2203 ⁵),
1417 2125 1418 2192 ξ

243 2234 386 2379 eaeque
412 2206 595 2375 pequqipe
621 2201 669 2276 ab
696 2201 1154 2372 ⁸¹⁰{¹{³'¹⁰¹¹¹¹¹¹l⁵⁸¹²lm¹'l⁸.
1172 2212 1210 2279 in
1239 2209 1335 2282 llelo
1417 2209 1418 2286 l

241 2326 610 2477 ’.1115121111
636 2305 1335 2490 titt..lt.t”⁰..ttt.l¹²t.t‘÷¹33

271 2503 379 2573 ostea
411 2495 582 2595 plerique
617 2491 665 2566 ab
700 2492 991 2568 Atheniensibus
1036 2523 1158 2596 nequo
1192 2504 1275 2574 iure
1301 2511 1336 2573 et

242 2527 422 2672 libertate
462 2597 575 2666 variis
613 2589 736 2664 modis
773 2594 910 2689 privati
949 2596 1191 2693 imperiisque
1233 2601 1334 2694 ipso·

242 2721 327 2770 rum
379 2695 492 2766 etiem
536 2692 642 2762 inviti
693 2693 732 2762 ct
776 2686 981 2762 inconsulti
1022 2717 1159 2787 parere
1214 2699 1333 2767 coacti

243 2799 341 2868 sunt.
385 2793 440 2864 Ac
465 2791 608 2886 primus
640 2782 789 2886 quidem
821 2785 1040 2859 intendendi
1073 2793 1219 2886 imperii
1247 2818 1332 2888 gra-

243 2889 315 2963 dus
339 2892 508 2988 ipsorum
534 2887 723 2956 sociorum
758 2881 936 2956 socordia
968 2883 1016 2956 ab
1042 2885 1330 2962 Atheniensibus

242 2985 367 3060 factus
392 2986 462 3075 est,
489 3007 599 3082 quum
625 2979 774 3078 plurimi
799 2978 959 3072 illorum,
983 2982 1137 3056 militiae
1163 2984 1328 3059 laborem

242 3085 424 3183 pertaesi,
450 3105 520 3180 pro
548 3075 731 3152 beuellcio
757 3081 950 3174 peterent,
983 3085 1024 3150 ut
1056 3106 1128 3178 pro
1154 3082 1329 3156 militibus

242 3180 488 3282 navibusque,
523 3201 618 3278 quas
644 3199 694 3248 ex
719 3171 876 3248 loedere
910 3173 1119 3272 debebant,
1152 3187 1327 3278 pecunias

244 3359 444 3376 ψ

314 3457 348 3526 2)
367 3457 412 3512 Gi.
431 3459 462 3511 in
480 3457 608 3510 univers.
628 3453 758 3510 Boeolrlr.
785 3473 845 3510 oec.
864 3474 887 3512 r.
906 3475 933 3527 p.
950 3459 988 3510 A·
1006 3457 1022 3510 1
1038 3475 1067 3529 p.
1086 3457 1141 3512 440
1158 3475 1221 3531 sqq.
1257 3461 1330 3513 Kor-

295 3550 330 3586 m.
350 3550 376 3602 p.
394 3529 440 3584 47.
476 3529 576 3600 Poppo
595 3527 724 3600 prolege.
744 3526 877 3599 Thucyd.
897 3527 956 3582 vol.
977 3532 1038 3592 21).
1057 3529 1095 3584 15
1118 3539 1147 3581 et
1168 3537 1203 3584 ee
1221 3551 1279 3603 sqq.
1298 3558 1327 3569 -

312 3605 344 3656 Μ
363 3600 533 3672 gerensibns
562 3601 619 3654 vid.
645 3599 778 3668 Thucyd.
798 3601 825 3666 l,
853 3602 913 3655 103.
939 3601 974 3652 de
1003 3601 1103 3672 Oropo
1126 3601 1259 3654 Mueller.
1279 3605 1328 3656 Or·

243 3539 294 3588 tue

242 3609 379 3745 {blumii
399 3673 460 3726 «lli.
482 3671 518 3724 de
542 3673 696 3741 Naupacto
715 3673 928 3744 Messeniisqne
951 3689 986 3725 eo
1010 3676 1136 3744 receptis
1161 3672 1291 3744 Thucyd.
1309 3675 1328 3726 l.

242 3747 275 3818 l.‚
295 3749 330 3801 de
350 3749 488 3815 Corcyra,
506 3741 657 3813 Zacyntho
675 3743 714 3796 id.
732 3745 771 3810 11,
790 3743 816 3798 7.
836 3743 862 3796 9.

312 3852 343 3921 3)
365 3851 450 3935 copi.
469 3853 584 3919 Moneo,
604 3850 701 3922 Spart.
718 3850 772 3916 111,
791 3851 809 3902 2
828 3867 939 3902 excors.
960 3849 995 3904 12
1013 3869 1041 3926 p.
1060 3849 1208 3906 tte-1⁰6.

313 3961 342 4028 4)
361 3955 502 4030 Αὗὲόνομοι
519 3955 566 4011 καὶ
584 3952 637 4011 α’πό
654 3955 749 4010 eternis
765 3954 880 4019 ξννόδων
894 3953 1054 4028 βουλεύοντες.
1065 3955 1209 4029 'Tbucyd
1218 3959 1241 4026 1,
1257 3957 1297 4012 97.

312 4066 342 4132 5)
363 4066 494 4135 'l'bueyd
514 4067 538 4129 1,
557 4065 602 4122 96.
639 4064 760 4118 Diodor.
779 4065 839 4130 xl,
864 4064 909 4118 47.
945 4064 1092 4138 Plutarch.
1108 4066 1227 4144 Artotid.
1244 4083 1264 4118 c,
1281 4064 1320 4116 M.

312 4171 344 4244 6)
365 4173 411 4228 Gi.
430 4191 506 4245 supr.
526 4174 560 4226 P.
578 4174 610 4224 V
628 4191 653 4226 e.
671 4173 689 4226 ὅ
707 4167 734 4242 §.
752 4171 798 4238 14,
816 4178 846 4228 et
864 4191 888 4226 c.
908 4169 926 4225 6
945 4169 974 4238 §.
994 4171 1037 4240 77,
1054 4173 1081 4224 5.
1106 4171 1184 4226 Aee.
1200 4169 1320 4226 Boeckb.

241 4246 278 4301 nd
297 4247 384 4318 Corp.
404 4247 494 4298 lucr·
512 4262 560 4296 no.
581 4244 657 4299 147.-

204 4357 207 4364 ’
311 4348 343 4422 a)
363 4350 496 4423 rauna
514 4351 538 4420 1,
557 4349 602 4405 eo.
