2806 5080
248 341 286 417 V.
311 343 371 416 De
395 365 440 414 re
457 341 616 441 publica
640 340 938 416 Atheniensium.
1060 341 1131 414 175
1233 409 1235 414 .

64 554 125 629 que
150 521 332 598 vacabant
357 526 434 616 aut,
459 525 493 596 si
517 549 579 596 res
611 525 809 621 posceret,
834 521 965 599 velites
989 529 1132 598 tantm

63 651 104 699 cx
125 627 169 697 iis
195 619 439 696 sumebantur
453 621 499 715 ⁷).
538 619 691 722 Reliqui
717 625 783 694 aut
805 625 916 719 gravi
942 632 1133 696 armatura

63 729 118 795 aut
147 723 252 820 equis
286 715 505 796 militabant.
555 718 732 792 Honores
763 743 913 818 qnoque
944 725 983 792 el
1013 721 1133 818 roagi-

62 821 189 892 stratus
213 843 237 888 a
261 812 381 888 trihus
406 818 548 888 tautum
575 811 837 914 superioribus
849 813 1034 890 classibus
1049 818 1133 914 capi

61 916 242 1015 poteraut,
274 919 427 1011 praeter
457 910 678 1030 archontum
711 911 932 1010 dignitatem
964 911 1134 1014 aliasque

62 1007 1135 1226 ttttttttt‘'ttiftt'iittt⁰⁸⁰ttii.ttt;

62 1211 291 1303 magistratus
323 1231 346 1274 a
378 1203 519 1303 populo
550 1229 588 1277 ru
620 1206 793 1278 comitiis.
851 1202 1037 1301 Sull'ragii
1075 1209 1135 1278 ius

6 1385 7 1400 ἶ
64 1300 224 1377 omnibus
256 1297 400 1374 civibus
429 1307 572 1400 pariter
608 1304 849 1401 permissum,
885 1300 1048 1401 ideoque
1089 1299 1136 1376 de

6 1455 8 1516 ³
64 1397 451 1576 ilimls‘hilill‘?
464 1395 1138 1596 ..titiistititttlttlti

6 1581 8 1590 ¹
63 1599 212 1694 positus,
239 1599 459 1694 cautumque
486 1592 646 1692 nequid
681 1592 729 1668 ad
763 1591 941 1693 populum
974 1592 1138 1668 serretur

6 1787 7 1792 ἵ
64 1696 202 1766 nisiex
227 1695 452 1764 anctoritate
478 1695 646 1782 senatus,
672 1715 766 1766 neve
817 1688 881 1765 uid
905 1689 1138 1790 populosiu-

6 1793 7 1868 ]
64 1789 182 1882 beret,
221 1792 293 1862 nisi
330 1816 353 1860 a
384 1785 625 1862 senatoribus
655 1791 693 1860 in
725 1814 744 1862 s
801 1792 946 1886 ragiunt
987 1792 1138 1862 missus.

6 1893 8 1920 '
68 1887 272 1961 Senatores
297 1889 407 1958 erant
431 1887 716 1985 quadringenti,
747 1888 895 1960 centeni
927 1911 948 1960 e
979 1882 1140 1982 singulis

66 1982 233 2058 tribubus
258 1987 459 2084 quotannis
485 1983 614 2072 creati,
639 1980 707 2056 sed
732 1987 968 2082 superiorum
984 1985 1141 2057 tantum·
1237 1991 1239 1998 '

68 2081 172 2155 modo
198 2077 374 2153 classium
398 2105 469 2154 nec
492 2083 651 2178 triginta
674 2081 1019 2178 anrrisminorcst).
1055 2081 1141 2153 illa·

67 2182 284 2278 gistratuum
310 2181 347 2251 iu
374 2181 455 2252 inre
481 2175 642 2250 dicundo
668 2182 839 2278 potestas
865 2205 912 2253 eo
936 2181 1142 2269 imminuta,

8 2337 9 2350 .
67 2275 158 2380 quod
187 2272 235 2348 nh
263 2299 393 2348 corum
418 2272 581 2349 decretis
606 2271 655 2348 nd
679 2274 823 2350 indicos
847 2279 1049 2376 provocari
1070 2299 1141 2374 po·

69 2378 130 2448 tuit
143 2375 203 2466 ¹⁰).
254 2370 552 2446 ludices'autem
576 2397 626 2446 ex
650 2375 752 2447 omni
776 2372 917 2474 populo
943 2369 1142 2447 sumeban-

68 2534 259 2550 m

11 2647 12 2661 ³
69 2654 193 2706 agrorum
212 2631 410 2688 tantummodo
427 2634 568 2688 rationem
586 2631 701 2704 haheat,
726 2637 876 2708 pecuniam
896 2635 1037 2708 alienaque
1055 2632 1146 2704 ἀφανῆ

11 2719 12 2766 t
68 2709 148 2762 emtor
164 2725 224 2760 non
242 2707 384 2778 respiciat,
403 2704 519 2758 videtur
536 2707 682 2768 divitibus,
700 2709 725 2761 ei
744 2709 792 2780 qui
811 2719 908 2762 essent
926 2713 975 2781 qui
990 2725 1144 2777 agroanon

14 2830 19 2853 Ι
69 2779 213 2843 haherent,
236 2777 318 2830 loeus
342 2779 371 2828 in
396 2783 498 2848 quarta
523 2778 614 2831 classe
638 2782 800 2846 assignatus
825 2798 904 2848 esre,
927 2789 960 2832 ut
983 2783 1068 2834 etiam
1088 2778 1144 2830 Ιιιο

11 2877 12 2898 ι
74 2855 177 2904 ratione
197 2867 296 2902 omnes
315 2851 363 2920 qui
382 2847 417 2900 ad
437 2867 496 2900 rem
515 2848 593 2921 puhl.
612 2851 747 2905 accedere
765 2849 946 2922 honoresque
964 2869 996 2904 oa
1018 2870 1066 2904 era
1084 2845 1146 2902 vel·

12 2914 13 2958 l
69 2923 132 2989 lent,
149 2940 232 2991 agros
243 2920 350 2974 hahere
363 2929 543 2988 cogerentur.
556 2921 600 2975 (li.
613 2923 750 2976 Dinareh.
762 2925 792 2975 in
804 2921 947 2976 Demosth.
958 2942 987 3012 p.
997 2871 1031 2976 ll
1043 2919 1145 2978 netuli.

13 3043 14 3050 ,
71 2997 195 3048 Ceterum
222 2997 315 3046 vetuit
338 2995 423 3044 etiam
443 2990 535 3046 Solon
559 2991 672 3049 miudes
692 2995 744 3067 γῆν
758 2993 854 3060 iniere
870 2992 906 3046 ἄν
920 2996 1037 3064 promta!
1052 3010 1094 3058 τις,
1113 2999 1146 3044 ut

71 3071 106 3119 ait
122 3070 239 3120 Aristot.
260 3062 321 3116 Pol.
340 3063 379 3131 Il,
391 3067 416 3129 4,
430 3065 502 3128 4,υο
513 3063 623 3119 seilicet
635 3071 782 3120 tenuiores
793 3065 1028 3118 excluderenture
1047 3083 1146 3137 quam·

71 3157 145 3210 qnam
158 3137 304 3190 dubitatur
314 3135 349 3187 de
367 3137 429 3188 siue
439 3134 497 3189 loci
508 3139 743 3211 interpretatione
754 3137 790 3190 ah
800 3138 976 3205 Hermanno,
995 3136 1031 3189 de
1042 3139 1148 3206 vestig.

72 3222 132 3265 vett.
150 3211 253 3263 inatiit.
271 3209 301 3260 in
320 3206 394 3260 Plat.
413 3205 489 3277 legg.
508 3227 535 3280 p.
553 3208 598 3264 63.

109 3312 165 3443 ³⁵t)
185 3316 324 3388 Har-poor.
348 3332 372 3367 a.
394 3331 424 3368 r.
445 3313 523 3383 θῆιις.
550 3314 635 3371 Phot.
655 3333 679 3369 r.
703 3333 733 3369 r.
755 3312 849 3382 drmit.
874 3314 919 3371 Gi.
944 3314 1074 3372 Bosekh.
1091 3314 1111 3370 l.
1128 3314 1149 3371 l.

73 3405 95 3458 p.
144 3425 151 3443 .

136 3493 167 3563 8)
196 3496 286 3550 Arist.
315 3491 403 3547 Polit.
429 3491 466 3560 ΙΙ,
490 3489 516 3558 9,
540 3494 565 3548 t.
589 3493 666 3548 Plut.
689 3492 753 3548 Sol.
772 3513 796 3551 e.
818 3495 860 3551 18.
880 3487 986 3548 Pollux
1004 3495 1090 3562 Vlli,
1107 3496 1152 3549 97.

77 3566 201 3620 Perizon.
229 3567 266 3618 ed
291 3565 406 3618 Aelian·
427 3563 620 3633 V.t{.v111‚
642 3567 681 3619 1⁰.
703 3569 836 3620 Ceterum
856 3566 933 3640 quod
952 3565 1093 3623 Niebuhr.
1112 3567 1151 3620 H.

13 3667 14 3676 ι
76 3636 108 3690 lt.
128 3640 138 3692 l
159 3659 185 3710 p.
204 3639 259 3692 tae
283 3637 328 3690 ed.
352 3633 439 3690 tal.
460 3640 526 3688 tom.
546 3636 575 3690 11
592 3657 618 3710 p.
635 3639 690 3692 346
708 3650 826 3711 propter
844 3641 982 3693 Demetrii
1002 3639 1091 3690 verba
1106 3657 1151 3710 ap.

76 3707 211 3764 Plutarch.
235 3709 355 3762 Aristid·
380 3726 404 3762 e.
433 3707 515 3782 lesia
536 3709 588 3762 sair
608 3709 693 3781 γενῶν
709 3710 759 3764 τῶν
774 3707 805 3765 ni
827 3716 936 3783 μέγιστα
955 3709 1086 3781 τιμήματα
1109 3727 1152 3764 ee-

79 3787 212 3852 πημίνων,
237 3779 348 3850 colligit
376 3775 530 3832 archontes
549 3799 586 3833 ex
610 3781 767 3854 cupatridis
792 3791 903 3836 tantum
926 3783 1153 3853 pentaeoaiomo.

78 3849 169 3906 dimuis
196 3854 287 3906 creari
312 3853 449 3924 potuisse,
468 3869 572 3905 vereor
591 3859 622 3906 ut
641 3855 805 3907 Demetrius
822 3853 873 3907 nir
888 3852 973 3926 γενῶν
990 3855 1045 3906 iato
1065 3870 1153 3906 sensu

14 3935 15 3960 ³
78 3920 177 3978 dixerit.
215 3924 356 3978 Gtctiam
374 3924 469 3976 Meter
488 3923 523 3976 de
540 3923 639 3994 gentil.
659 3930 718 3979 att
737 3945 765 3998 p.
785 3927 802 3980 d
820 3931 880 3980 not.
900 3927 943 3977 aa.

16 4037 17 4086 1
137 4026 168 4101 9)
197 4033 244 4085 De
269 4029 313 4083 his
338 4029 471 4083 amathus
494 4027 559 4081 infr.
584 4049 609 4088 e.
628 4032 646 4087 3
665 4033 834 4104 explicatius
853 4031 970 4084 dicatur.
1007 4030 1118 4086 'l'lretes
1137 4053 1154 4086 a

16 4155 18 4172 ,
79 4109 167 4156 senatu
192 4101 327 4156 exclusor
351 4101 442 4155 inisse
474 4099 617 4156 dubitavit
641 4104 798 4157 Tittmann.
822 4123 850 4176 p.
875 4105 927 4156 tto
953 4107 981 4154 et
1006 4103 1073 4170 65:⁵3
1103 4105 1155 4158 aed

16 4175 17 4210 ἲ
78 4169 210 4227 Plutarch.
236 4172 300 4227 Sol.
325 4191 349 4227 e·
376 4173 419 4228 18.
445 4170 559 4225 disertis
588 4176 685 4228 verbis
714 4182 850 4229 tentatura
879 4173 916 4248 epi
941 4175 1157 4241 multudine

78 4242 117 4296 aci
131 4245 241 4310 ducitur
256 4245 340 4316 μόνον
354 4247 472 4318 amitae
488 4242 530 4311 τῆς
544 4247 668 4304 amane
682 4247 708 4302 oi
723 4247 803 4315 θῆτες.

137 4349 186 4424 10)
203 4352 280 4409 Plnt.
299 4351 319 4426 1.
343 4350 364 4406 l.
393 4350 495 4408 Nolim
518 4357 613 4406 tamen
638 4371 702 4408 eam
725 4354 894 4406 Hermanno
917 4353 954 4407 A.
974 4353 1026 4408 Gr.
1046 4351 1074 4420 ξ.
1100 4355 1160 4409 107
