2822 5082
238 381 293 446 s
389 383 448 482 'a
473 403 534 477 ne
558 401 734 476 comae.
889 443 892 452 ·
1049 403 1121 480 aar

39 592 97 662 ciis
128 585 388 678 contineatur,
428 583 637 686 horumque
669 588 833 660 omnium
865 587 905 660 in
943 586 1120 688 populari

27 685 186 786 ¹imperio
227 704 423 757 summum
450 680 648 756 arbitrium
679 682 843 782 populus
874 679 1032 778 babeat,
1063 691 1119 762 vi·

38 781 189 856 dandum
223 781 335 853 nohis
368 781 440 853 boc
472 785 631 879 primum
664 783 754 868 erit,
786 807 882 881 quae
915 783 1119 884 qualesque

37 884 137 952 iniis
164 882 398 951 comitiorum
422 880 552 976 partes
579 904 664 951 esse
691 875 826 952 solitae
859 882 997 976 sint³);
1029 883 1118 980 post
1154 934 1156 940 ν

37 976 120 1050 haec
148 975 194 1049 de
221 979 388 1074 negotiis
414 972 683 1071 singularibus,
708 977 877 1074 quaeret
893 975 942 1048 ad
958 981 1120 1056 externa

37 1101 111 1146 cum
136 1071 220 1146 aliis
244 1100 295 1172 po
325 1073 396 1145 uiis
422 1075 646 1145 commercia
670 1069 834 1171 bellique
861 1074 899 1147 et
922 1078 1027 1172 pacis
1053 1101 1115 1148 ra-

35 1175 152 1244 tiones
177 1169 236 1242 vel
261 1100 322 1242 ad
334 1174 519 1244 internam
544 1171 656 1269 atque
682 1166 925 1243 domesticam
958 1169 1114 1245 admini-

3 1271 4 1332 ἲ
36 1272 247 1364 strationem
282 1269 497 1366 pertinent,
543 1268 749 1339 summatim
787 1289 1029 1364 exponemus.
1067 1312 1114 1331 --

3 1399 4 1456 3
34 1369 80 1438 be
104 1369 263 1464 primum
290 1364 438 1466 quidem
461 1365 511 1436 'de
536 1360 688 1460 legibus
701 1361 733 1458 ⁴)
760 1371 910 1438 cautum
935 1369 1018 1438 erat
1037 1365 1113 1440 So·

3 1459 4 1474 ¹
35 1461 124 1535 lonis
140 1465 313 1546 instituto
329 1462 383 1558 ⁵),
407 1464 451 1534 ut
481 1464 625 1533 veniam
653 1459 801 1560 quidem
816 1461 980 1560 populus
1005 1462 1115 1538 daret

34 1557 328 1658 abrogandarum
365 1566 531 1633 veterum
564 1583 821 1658 novarumque
853 1558 1112 1655 ferendarum,

35 1684 122 1757 quae
149 1665 272 1729 autem
295 1658 349 1729 ita
374 1653 656 1754 abrogarentur
686 1653 942 1747 ferrenturve,
975 1655 1022 1731 de
1054 1657 1113 1733 bis

34 1753 247 1852 suffragium
277 1780 353 1826 non
383 1751 581 1826 multitudo
612 1751 731 1826 ferret
763 1756 803 1826 in
836 1756 996 1828 comitiis
1021 1780 1113 1828 con·

3 1901 4 1928 1
31 1858 205 1950 gregata,
239 1850 306 1925 sed
337 1855 538 1950 pauciores
570 1847 715 1949 aliquot
738 1852 808 1922 viri
833 1853 969 1925 aetatis
993 1859 1112 1926 matu·

3 1985 5 2006 .
32 1976 90 2022 rae
116 1951 155 2022 et
177 1952 271 2022 iuris
296 1947 445 2021 iurandi
470 1947 656 2046 religione
682 1944 865 2026 adstricti.
914 1949 1047 2048 ltaque
1072 1952 1111 2022 in

3 2103 5 2112 ,
30 2052 142 2144 prima
167 2050 365 2145 quotannis
392 2043 552 2119 ecclesia
567 2048 599 2136 ⁶)
623 2085 672 2102 -·
697 2043 770 2116 hoe
796 2048 893 2118 enim
919 2057 1002 2118 erat
1026 2043 1111 2119 huic

3 2148 178 2243 :negotio
205 2147 356 2240 tempus
377 2141 585 2239 legitimum
611 2187 656 2202 -·
692 2138 906 2240 rogabatur
932 2167 956 2214 a
980 2149 1130 2241 pryta„

3 2295 5 2310 .
31 2241 133 2314 nibus
159 2240 334 2340 populus,
360 2239 630 2326 retinendaene
655 2247 806 2312 veteres
824 2237 932 2338 leges
948 2242 1112 2313 uterant

3 2339 257 2431 uiderentur,
292 2363 339 2410 an
373 2335 462 2437 quid
486 2342 525 2408 in
557 2339 613 2409 iis'
640 2338 776 2426 mritari
800 2361 995 2436 novasque
1019 2335 1112 2412 ferri

31 2435 210 2532 placeret:
244 2461 318 2536 qua
343 2433 390 2507 de
415 2460 457 2507 re
487 2457 561 2532 quo
592 2433 724 2506 metius
755 2431 922 2507 iudicare
951 2432 1113 2532 populus

29 2537 168 2629 posset,
200 2537 403 2605 iniunctum
427 2529 688 2605 thesmotbetis
713 2537 816 2624 erat,
848 2533 890 2604 ut
914 2529 1022 2629 leges
1048 2557 1112 2604 ac·

31 2635 152 2704 curate
177 2633 524 2728 recognoscerent,
557 2655 601 2701 ae
633 2631 790 2728 siquas
813 2629 1025 2702 invenirent
1048 2631 1115 2702 aut
1143 2687 1148 2694 .

3 2775 7 2784 f
30 2732 235 2800 contrarias
259 2732 360 2800 inter
384 2752 426 2799 se
453 2730 519 2799 aut
542 2729 617 2799 iam
644 2722 973 2826 obsoletasneque
989 2733 1113 2801 tamen

5 2823 69 2899 de
108 2825 339 2925 reliquarum
381 2849 538 2896 numero
580 2819 770 2915 sublatas,
808 2829 872 2894 aut
902 2821 1031 2919 plures
1064 2821 1140 2898 de.

28 2948 97 2995 una
127 2947 189 3016 re,
224 2921 292 2994 bas
323 2925 454 2994 omnes
485 2925 524 2992 in
556 2917 697 2993 tabulis
716 2917 879 3018 ¹publice
904 2921 1113 3016 propositis

28 3019 161 3118 populo
186 3018 399 3092 iudicarent
414 3020 467 3115 ⁷):
495 3043 563 3092 nec
587 3014 699 3091 facilc
726 3026 922 3090 oratorum
954 3016 1113 3090 consilia

32 3181 221 3196 οο-α-ι

89 3259 121 3332 3)
142 3263 271 3334 Apparet
290 3267 387 3314 eutem
406 3267 492 3316 encta
510 3279 597 3332 supra
615 3259 731 3314 modum
743 3257 842 3333 populi
860 3263 1013 3332 potestate,
1030 3279 1113 3333 prae·

31 3340 69 3385 ter
84 3354 116 3388 ea
133 3353 209 3408 quae
228 3353 264 3386 ex
282 3341 383 3387 vetere
401 3337 535 3388 instituto
556 3333 593 3385 ad
611 3331 750 3404 populum
768 3331 839 3384 ferri
858 3338 1017 3402 oporteret,
1040 3332 1113 3386 nibil

3 3427 5 3436 ι
29 3404 107 3460 fuisse
126 3409 169 3459 rei
189 3404 288 3476 paullo
308 3409 434 3474 maioris,
457 3405 613 3476 quod'n'on
630 3421 730 3476 posset
755 3406 842 3456 etiam
862 3405 892 3455 in
911 3406 1034 3458 comitiis
1054 3411 1114 3458 tra·

29 3481 103 3530 atari:
121 3477 135 3532 ὅ
153 3475 207 3552 yae
232 3477 312 3548 δῆμος
333 3475 348 3530 d
369 3477 512 3543 Ἀθηναίων
534 3475 684 3552 κυριώτατός
703 3477 753 3530 ἐστι
772 3475 826 3530 sair
849 3475 877 3528 ἰν
892 3473 922 3548 τῇ
936 3477 1008 3530 notes
1025 3475 1113 3530 ἁπάν-

24 3566 77 3612 των,
94 3549 140 3604 καὶ
157 3554 249 3612 ἕξεσιν
267 3547 335 3620 αὐτῷ
351 3553 433 3603 ποιεῖν
450 3547 465 3604 ὅ
481 3569 503 3602 π
520 3547 556 3601 dv
570 3549 696 3620 βούληται.
726 3549 777 3602 Or.
791 3549 823 3599 in
836 3547 867 3600 N
869 3565 944 3600 eaer.
956 3568 984 3620 p·
995 3549 1074 3618 1375,
1088 3551 1114 3602 1.

89 3653 120 3726 t)
140 3659 234 3725 Leges
252 3675 330 3708 nunc
349 3656 470 3710 dicimus
488 3654 588 3726 νόμους,
605 3673 667 3708 non
688 3656 854 3725 qopptopcrc,
873 3653 909 3709 de
929 3673 1051 3728 qnorum
1071 3654 1113 3708 di-

25 3729 150 3782 scrimine
168 3729 229 3782 vid.
250 3729 285 3782 de
305 3731 411 3783 comitt.
430 3747 458 3800 p.
476 3728 530 3781 248
548 3745 591 3798 sq·

89 3837 118 3904 4)
140 3838 206 3899 Hoo
225 3843 327 3888 contre
345 3835 379 3888 F.
397 3839 435 3889 A.
453 3834 600 3887 Wolfium
623 3831 753 3906 prolegg.
778 3832 816 3884 sd
839 3834 920 3886 Dem·
946 3833 1059 3903 Leptin.
1083 3851 1112 3904 p.

27 3906 173 3962 CXXXIII
191 3908 329 3981 probasse
347 3905 417 3960 mihi
436 3907 537 3959 videor
556 3906 592 3958 de
611 3907 718 3960 comitt.
738 3923 765 3976 p.
774 3905 865 3958 265-
876 3904 938 3972 268,
956 3906 1114 3959 assentien-

27 3977 97 4030 tibus
121 3979 260 4045 Platnero
290 3981 373 4033 Proc·
392 3979 423 4032 11
449 3991 477 4044 P·
495 3979 539 4034 28.
587 3978 755 4030 Tittmanno
782 3995 810 4046 p.
836 3975 898 4030 147.
945 3977 1114 4031 Hermanno

25 4043 53 4116 ξ.
69 4051 126 4108 131.

92 4158 120 4216 6)
139 4159 261 4212 Omnem
289 4162 332 4212 rei
361 4157 490 4211 ordinem
515 4162 649 4210 secur-ste
673 4153 837 4226 expositum
862 4149 922 4204 vid·
947 4150 984 4205 de
1008 4155 1115 4208 comitt.

26 4222 204 4354 bdrmlblciz
245 4229 291 4290 cf.
310 4229 407 4284 wolf.
425 4228 446 4283 l.
464 4229 485 4283 l.
503 4248 532 4301 p·
551 4228 710 4284 OCXXVI
727 4243 791 4296 sqq·
820 4224 979 4283 'l'ittmanm
999 4225 1116 4280 etPlat·

93 4404 123 4475 7)
141 4409 186 4463 De
210 4407 268 4462 hoo
290 4405 547 4464 thesmuthetarum
573 4404 669 4460 officio
695 4405 782 4458 testis
807 4408 1041 4548 aqaqsnperest
1057 4405 1116 4460 Ae·
