2806 5080
230 301 270 376 V.
294 300 354 374 De
377 297 600 401 republica
623 299 922 378 aranearum.
970 369 973 378 ,
1051 307 1122 380 179

56 483 246 560 Clisthenes
268 480 388 558 tribus
404 480 546 574 decem,
572 479 702 556 demes
717 509 749 556 s.
764 508 888 583 pagos
906 485 1054 560 centurn
1067 487 1130 584 ⁷)2,

55 586 90 656 ael
117 582 276 655 tribuum
302 607 495 658 numerum
522 585 694 656 senatum
720 584 847 673 auxit,
871 590 915 656 ut
939 588 1123 684 qninqua-

53 685 122 780 geni
138 708 157 752 e
175 677 337 774 singulis
351 682 551 752 senatores
563 677 716 756 fierent:
732 681 820 752 ilem
833 682 1123 777 magistratuum

3 799 4 826 ι
54 776 298 872 nonnullorum
324 773 504 872 collegia,
535 782 576 848 ut
609 771 747 874 singuli
774 801 794 849 a
820 776 979 876 siugulis
1004 775 1123 852 tribu·

55 874 107 968 bus
129 881 360 946 crearentur.
414 874 556 949 Horum
583 897 663 966 eos,
688 875 727 944 ln
753 869 889 972 quibus
905 900 1026 975 neque
1041 881 1124 950 arte

52 973 191 1071 (punctam
220 967 258 1044 et
282 971 420 1069 peritia
446 972 596 1060 eximia,
621 993 743 1088 neque
768 961 1012 1045 facultatibus
1046 998 1125 1046 arn·

51 1069 236 1167 plinthus,
263 1066 329 1143 sed
344 1063 603 1143 tantummodo
621 1069 719 1166 cinti
738 1064 952 1166 prudentia,
978 1069 1126 1169 qrralcm

50 1174 77 1236 in
99 1164 215 1238 libera
242 1167 391 1238 civitate
417 1167 538 1265 quivis
563 1161 673 1238 laclia
698 1168 894 1266 aequi-rere
927 1191 1043 1264 posse
1074 1169 1128 1240 vi-

51 1263 161 1352 tetur,
196 1269 262 1336 aut
295 1260 486 1361 probitate
513 1263 552 1336 el
575 1265 722 1362 patriae
748 1263 907 1336 caritate
934 1288 1031 1362 opus
1064 1259 1131 1336 es?

50 1363 106 1448 set,
129 1386 206 1432 non
234 1360 276 1432 ut
301 1361 387 1442 olim
415 1355 606 1456 suffragiis
632 1357 698 1432 sed
725 1363 831 1432 sorte
864 1361 989 1434 creari
1018 1362 1127 1434 insti-

50 1461 171 1553 tuitl),
196 1460 252 1530 ita
276 1463 401 1530 tamen
422 1458 476 1544 ut,
529 1459 565 1528 ui
584 1457 708 1531 sortiti
727 1463 867 1547 essent,
892 1482 970 1528 non
988 1458 1129 1532 inirent

49 1559 296 1652 magistratum
315 1555 444 1628 niella
469 1481 607 1630 inlicta
631 1549 796 1650 probati.
821 1551 996 1654 Denique
1016 1563 1128 1628 etiarn

51 1655 296 1726 ostracisrnum
317 1649 538 1740 introduxit,
565 1675 640 1752 quo
667 1675 789 1822 acepta
813 1653 945 1724 civium
969 1649 1129 1726 libertas

49 1775 65 1818 a
86 1747 206 1845 uiuitis
230 1773 438 1848 paucorum
455 1748 593 1848 opibus
621 1753 703 1820 tuta
746 1751 829 1822 oret
842 1751 885 1840 ⁹).

3 2251 5 2272 l

3 2273 5 2294 l

3 2317 4 2336 l

3 2387 5 2396 ι

3 2415 5 2432 l

3 2445 5 2500 i

3 3039 4 3048 ι

3 3049 5 3062 l

515 1919 550 2010 ς.
575 1913 646 1990 xr.

131 2047 337 2122 Plurimum
369 2031 494 2122 autern
527 2048 747 2124 incrementi
773 2071 815 2119 ce
843 2045 874 2120 it
896 2045 1028 2146 populi
1057 2074 1129 2146 po·

47 2147 157 2218 testas
183 2150 274 2245 post
304 2141 442 2220 bellum
468 2146 664 2220 Persicum
698 2071 913 2222 secunbum.
963 2146 1130 2218 Primum

49 2249 135 2316 enim
162 2269 275 2345 quum
310 2268 360 2315 ex
392 2245 512 2341 ipsius
543 2241 630 2362 belli
654 2267 811 2363 genera
824 2244 1011 2360 maritimo
1038 2268 1130 2316 con·

48 2346 503 2530 itllt‘tiltlultil
519 2337 1130 2536 llll,littlltlstlllli

47 2545 207 2608 maturae
248 2534 446 2628 militibus,
484 2533 585 2636 quotl
620 2537 826 2636 antiquitus
863 2559 972 2608 omne
1009 2532 1131 2611 robur

48 2637 200 2706 civitatis
228 2630 368 2722 luerat,
403 2657 511 2732 quam
544 2636 582 2704 in
608 2632 812 2706 classiariis
836 2627 1131 2733 remigibusque,

47 2755 90 2802 ex
112 2729 238 2802 intima
257 2727 368 2828 plebe
386 2734 588 2802 maximam
598 2737 743 2828 partem
757 2733 995 2828 conscriptis,
1015 2755 1129 2828 proe—
1205 2806 1208 2812 ,

44 2825 173 2899 liorom
200 2829 356 2915 eventus
382 2833 421 2899 et
445 2831 500 2900 rei
526 2825 701 2926 publicae
727 2825 829 2900 salus
845 2828 917 2902 sita
936 2852 1021 2900 esse
1042 2853 1129 2900 coe-

44 2928 195 3020 pissent,
222 2921 361 2996 Iactum
388 2926 447 2996 est
471 2929 707 3016 necessario,
739 2929 781 2996 ut
806 2921 854 2998 ab
882 2922 1129 3020 opulentiori-

44 3029 125 3115 bus,
150 3045 199 3094 ex
226 3018 361 3120 quibus
383 3027 563 3094 constare
589 3019 741 3094 solebat
763 3023 893 3120 gravis
925 3023 1131 3115 armatura,

47 3120 92 3191 ad
128 3123 321 3192 tenuiores
359 3135 508 3218 qnoque
547 3117 742 3191 deveniret
779 3117 952 3216 poteslas
969 3121 1013 3214 ¹).
1068 3119 1131 3206 v,bd

47 3214 112 3288 boc
136 3214 343 3290 devastatis
370 3242 392 3286 a
416 3217 621 3290 Persarum
647 3219 816 3289 exercitu
843 3213 1016 3288 omnibus
1035 3217 1131 3289 atti-

49 3339 108 3386 cae
138 3310 314 3412 partibus
338 3309 484 3387 fractae
511 3315 726 3386 statiellas
752 3315 860 3385 eraut
884 3313 1130 3412 plurimorum

49 3473 240 3488 w

3 3613 4 3616 ,
112 3559 138 3620 7)
156 3557 228 3610 vat.
248 3553 315 3608 inlr.
336 3573 360 3607 o.
380 3556 397 3608 2
416 3553 443 3623 §.
461 3555 512 3622 22,
529 3555 556 3610 {b
578 3583 611 3596 -
644 3527 781 3610 Celerum
805 3559 891 3610 etiam
916 3559 1131 3611 uenenariorum

44 3647 187 3682 numerum
208 3625 372 3682 t'listbenes
391 3629 485 3696 auxil,
509 3639 541 3680 ut
564 3627 587 3682 b
612 3627 715 3696 fierent
739 3647 791 3702 pro
815 3629 960 3692 XLVIII,
985 3631 1090 3702 quinae
1114 3647 1131 3682 e
1207 3692 1208 3696 Ἰ

46 3701 162 3770 singulis
181 3699 324 3754 tribubus.
419 3707 422 3710 '

112 3805 229 3876 8)an
254 3825 290 3859 ex
313 3809 478 3862 coniectura
502 3809 586 3878 poeni
609 3805 645 3858 de
670 3809 777 3860 comiti·
803 3826 831 3876 p.
849 3807 919 3868 311,
942 3806 1131 3878 probantibus

45 3877 206 3932 Hermanno
227 3879 262 3932 de
281 3882 346 3931 iure
365 3885 491 3947 magistr·
511 3900 537 3950 p.
558 3881 601 3933 15.
633 3877 836 3932 Wacbrrnutb.
854 3879 879 3946 1,
898 3879 914 3930 l
933 3897 961 3949 p.
979 3881 1035 3933 213
1053 3878 1132 3934 stite-

45 3967 107 4020 que.
142 3953 286 4004 Disseutr't
304 3961 399 4038 tamen
420 3955 578 4004 'I'ittrnnnm
598 3970 625 4022 p.
642 3951 705 4005 308.

113 4055 146 4125 9)
166 4057 211 4112 CI.
230 4058 267 4110 dc
282 4060 399 4110 comilt.
417 4057 488 4114 Alb.
508 4071 536 4124 ρ.
557 4060 618 4113 247.
656 4059 760 4113 Maior.
778 4060 809 4112 in
832 4055 933 4110 Erech.
946 4032 947 4037 Ἰ
960 4063 989 4110 et
1008 4057 1130 4113 Gruber.

45 4125 199 4198 Eneyclop.
217 4131 268 4196 111,
288 4129 303 4182 I
321 4149 351 4202 p.
371 4131 431 4184 180.

115 4237 140 4302 1)
160 4235 206 4292 CI.
224 4237 314 4289 Isocr.
332 4235 453 4291 Panatb.
479 4257 503 4290 c.
522 4238 566 4292 44.
602 4203 796 4308 xenophf'do
818 4233 939 4308 repub·
961 4235 989 4304 I,
1005 4236 1033 4290 2.
1061 4235 1131 4289 Plu·

44 4306 128 4362 iareb.
147 4307 286 4363 'I'bemist.
307 4327 332 4360 e.
353 4311 393 4362 19.
431 4313 552 4364 Aristot.
572 4308 661 4362 Polit.
683 4313 712 4371 V,
731 4311 757 4375 3,
775 4307 802 4360 b.

835 4376 913 4448 12·
