2806 5080
143 410 220 486 III·
257 407 317 478 De
340 403 452 480 rebus
470 402 634 502 publicis
658 403 701 476 in
723 401 955 475 reomensem.
1019 395 1089 470 llll

45 587 181 666 omnibus
192 613 263 688 pro
277 585 363 684 lege
377 582 654 659 observandum
667 584 718 658 sit
730 585 778 680 ²),
798 581 958 688 apparet
976 603 1088 680 pror-

45 717 89 761 sus
108 690 229 759 contra
254 689 425 758 naturam
451 689 666 782 rectamque
691 686 876 756 rationem
901 683 939 752 iu
958 673 1088 750 oeblo·

3 853 4 870 ,
43 786 130 858 oralia
150 809 215 856 eos
239 784 427 855 minimum
450 805 585 878 posse,
637 783 675 852 ui
699 784 738 852 in
763 777 860 852 bene
885 775 1091 850 constituta

43 879 213 978 republica
225 877 424 977 plurimum
437 875 563 950 velere
583 875 628 950 lle
658 878 777 952 erent.
828 867 1090 962 Quamobrem

4 1105 5 1149 l
41 971 700 1149 llllttltl?‘lulllltllltit
718 973 948 1145 Ptillllnl'l
965 993 1092 1165 {tlt}

3 1201 4 1206 ¹
38 1100 238 1269 plebesqnon
264 1171 392 1268 potest
417 1125 506 1240 notl’
519 1171 564 1239 iis
590 1167 808 1242 adversaria
833 1121 935 1258 esse:
956 1161 1092 1264 quibus

3 1308 6 1353 p
39 1293 115 1340 suam
136 1269 360 1365 potestatem
385 1269 574 1363 ingratam
600 1293 684 1342 esse
709 1263 915 1364 intelliget:
949 1285 1025 1362 quo
1051 1257 1093 1332 lit

2 1381 4 1512 p
37 1369 63 1436 ul
87 1391 153 1436 non
188 1359 442 1436 concordibus
474 1365 571 1435 inter
603 1391 644 1437 se
677 1367 810 1437 animis
841 1358 988 1482 placide
1012 1381 1093 1430 rem

36 1459 193 1558 publicam
230 1464 411 1549 tractent,
451 1459 517 1532 sed
556 1463 594 1533 in
632 1460 727 1534 duas
763 1460 951 1534 factiones
985 1454 1094 1527 dirisi

33 1585 112 1630 suum
142 1560 292 1658 utrique
324 1556 560 1630 commodum
593 1585 649 1630 ma
682 1563 713 1630 is
753 1583 865 1659 quam
897 1577 1093 1629 commune

3 1693 6 1745 p
34 1658 165 1727 civitatis
194 1653 333 1728 bonum
360 1659 605 1754 quaeranw).
643 1584 694 1728 {t
718 1654 820 1755 plebi
837 1653 985 1756 quidem
1004 1652 1094 1723 utile

2 1756 3 1820 ἔ
30 1751 192 1852 ridebitur
219 1755 421 1851 optimates
448 1756 629 1870 quantum
661 1751 742 1825 lieri
773 1756 901 1852 potest
934 1748 1095 1919 opprimi

32 1855 116 1949 alque
141 1853 180 1922 in
209 1847 379 1922 ordinem
407 1873 508 1948 cogi,
535 1873 609 1948 quo
637 1853 675 1923 et
700 1847 834 1922 borum
861 1851 974 1922 animi
1008 1871 1095 1963 rapi·

29 1954 340 2116 lllllbblallnlllbl
365 1939 1097 2140 dleedetclllsldilrblaqblllllellldllbndpllrblde

1 2143 2 2224 l
27 2145 65 2212 les
80 2141 219 2224 iudicia
240 2135 444 2230 exercebit,
465 2139 620 2213 mulctes
638 2144 807 2240 imponet
817 2165 970 2240 graves,
996 2134 1122 2210 bona¹

1 2263 133 2336 ¹eorum
161 2235 386 2336 publicabit,
417 2241 523 2334 ipsos
549 2240 587 2311 iu
613 2237 765 2311 exilium
796 2240 958 2338 agam),
991 2233 1097 2307 litur-

1 2339 147 2429 jgurum
183 2330 399 2432 sumptibus
433 2334 677 2433 locupletium
717 2333 919 2410 facultates
953 2332 1098 2407 exbau-

25 2436 131 2526 riuti),
159 2431 326 2531 denique
352 2437 477 2503 orunia
502 2429 629 2522 faciet,
663 2459 760 2532 qnae
786 2431 833 2506 ad
869 2455 1098 2507 conservan-

23 2529 83 2601 dam
115 2539 154 2604 et
189 2525 458 2603 stabiliendam
483 2527 731 2604 multitudinis
757 2532 985 2630 potestatem
1011 2552 1098 2625 per·

23 2629 116 2699 linere
133 2625 372 2704 iudicaverit.
414 2629 627 2725 Optimates
653 2633 777 2701 aulem
805 2629 929 2703 vexati
953 2627 1098 2698 iniuriis

1 2731 45 2793 2el
78 2727 263 2824 oppressi
302 2749 378 2795 nou
417 2726 600 2823 poterunt
637 2751 712 2797 non
752 2751 876 2798 rerum
915 2747 1097 2797 novarum

21 2824 212 2919 eupiditate
239 2820 389 2893 incendi
414 2817 611 2922 plebisque
638 2822 907 2921 opprimendae
939 2818 1098 2892 consilia
1144 2897 1147 2902 ,

21 2929 145 3014 agitare
161 2921 221 3010 ⁷):
255 2915 355 3017 quod
382 2943 493 3018 quum
520 2945 589 3017 per
614 2923 686 2992 vim
713 2923 881 3019 apertam
908 2917 1005 2992 el'lici
1031 2943 1097 2988 ne-

19 3021 121 3112 queat,
152 3017 417 3090 clandestinas
435 3019 536 3090 inter
556 3043 597 3090 se
618 3020 900 3092 coniurationes
912 3016 1052 3091 sacient
1065 3014 1097 3106 8)

17 3157 207 3174 *⁸*

66 3221 96 3294 2)
114 3226 219 3278 Arist.
242 3222 286 3290 Vl,
307 3223 333 3286 l,
353 3223 378 3276 li.
395 3223 422 3277 9.
444 3225 487 3278 lt.
504 3225 563 3279 vid.
584 3244 672 3298 supro
689 3222 715 3298 ξ.
733 3228 778 3293 24,
796 3227 823 3279 «l.

56 3314 82 3377 3)
99 3315 147 3368 Id.
169 3314 233 3376 ΙΙΙ,
253 3313 278 3378 5,
297 3313 330 3366 4ο
348 3311 365 3378 ἤ
381 3313 521 3388 ὀλιγαρχία
543 3313 595 3367 lori
616 3312 680 3389 npic
702 3311 730 3370 vt
754 3320 886 3390 συμφέρον
907 3313 933 3372 ui
955 3315 1006 3372 τῶν
1021 3315 1097 3372 eduo'·

12 3386 85 3450 pensi
104 3387 133 3438 δὲ
156 3385 329 3455 δημοκρατία
346 3381 452 3459 repeirri
468 3385 519 3438 τῶν
536 3385 657 3460 ἀπόρων·
680 3383 745 3463 πρὸς
760 3388 789 3444 <lt
810 3385 890 3462 mugi
911 3389 990 3463 κοινῷ
1006 3392 1096 3446 λυσιπ-

11 3453 55 3506 loir
68 3458 184 3528 οὐδεμία
208 3451 301 3508 αὗῐῶν.

63 3560 92 3631 l)
112 3567 163 3617 De
187 3559 385 3634 sycopbunlis
404 3562 440 3617 ei.
459 3561 666 3620 Waebsmutb.
683 3570 706 3635 1,
725 3570 743 3622 2
759 3587 788 3641 p.
809 3570 870 3626 157.

60 3673 85 3737 ⁵)
104 3671 155 3726 cf.
180 3688 266 3742 quae
281 3669 380 3724 laudat
396 3671 499 3726 Meter.
519 3672 555 3726 (le
573 3673 642 3728 bon.
661 3673 755 3730 damu·
774 3696 802 3750 p.
822 3678 875 3732 175
893 3695 954 3752 sqq.

62 3779 91 3847 6)
108 3775 266 3850 Xenopb.
286 3776 322 3829 de
340 3795 372 3832 re
390 3777 470 3849 publ.
488 3778 557 3834 Alb.
575 3782 599 3850 1,
619 3782 661 3838 13·
936 3787 937 3791 ’

62 3881 93 3952 7)
111 3889 255 3939 Aristol.
276 3885 306 3948 V,
324 3883 351 3951 l,
371 3885 396 3938 1.

59 3989 90 4062 8)
107 3991 280 4065 ‘Kraserion
302 3994 466 4062 σονωμοοίοι.
506 3995 687 4068 Quamquam
713 4017 749 4052 ex
772 3997 906 4074 ἑταιρείαις
929 4016 951 4051 r.
977 3994 1099 4067 ἑταιρίαις
1170 4023 1173 4032 ·

9 4057 71 4124 lenm
88 4064 185 4118 nihili
209 4069 259 4113 est
276 4061 548 4131 (lineamentorum
573 4066 730 4122 formarum
755 4090 772 4122 ο
790 4073 927 4140 Strangio
953 4067 990 4121 ed
1007 4069 1095 4121 [soor.

10 4145 26 4200 l·
39 4137 68 4188 51
88 4137 315 4204 excogitatum.
344 4133 388 4186 (li.
396 4135 509 4187 Sinteu.
528 4137 564 4190 etl
581 4139 659 4194 Plut.
677 4142 781 4196 Pericl.
801 4163 828 4213 p.
840 4139 906 4212 145)
925 4145 993 4194 eunt
1011 4141 1097 4198 etiem

8 4221 59 4272 qaae
84 4228 152 4261 non
183 4204 232 4260 ed
256 4205 441 4282 evertendam
466 4225 525 4259 rem
553 4210 631 4280 publ.
650 4215 827 4284 pertineant,
850 4215 902 4267 sed
925 4223 958 4266 ut
982 4209 1096 4264 lucilius

8 4283 154 4333 coniunctis
179 4274 296 4347 opibus
315 4284 365 4329 eut
388 4277 423 4330 ad
448 4276 575 4334 bonores
596 4287 749 4353 pervenire
773 4292 823 4337 aut
844 4288 876 4339 in
893 4285 1007 4338 iudiciis
1025 4283 1096 4334 resi·

2 4353 63 4404 utere
87 4350 289 4405 adversariis
312 4350 436 4418 possint,
461 4355 619 4421 ουνωμοοίοιο
639 4355 682 4409 rue
703 4355 789 4413 δῖκαὸς
804 4357 851 4410 καὶ
868 4358 974 4430 ἀρχαῖς,
999 4362 1032 4406 ut
1056 4354 1097 4403 ait

1 4417 118 4494 Thucyd.
141 4420 240 4488 vui,
257 4419 302 4474 54.
337 4421 373 4474 In
391 4424 471 4476 uuir.
485 4420 521 4476 et.
531 4441 605 4496 quae
618 4425 694 4480 iufra
707 4427 739 4482 P.
751 4426 782 4498 V,
800 4429 818 4484 9
837 4425 862 4500 §.
872 4431 915 4498 91,
927 4431 945 4485 3
958 4426 1097 4482 dicentur.
