2806 5080
260 319 330 396 106
407 321 436 396 1
442 320 481 394 V.
509 326 538 394 l.
565 319 625 392 De
650 320 942 419 Spartanorum
966 323 1196 424 republica.
1296 297 1299 303 Ι

258 501 439 604 ingerunt
459 498 520 598 14).
586 499 823 575 Achaeorum
858 499 1029 603 plerique
1068 532 1117 580 ex
1153 506 1325 586 Laconica

239 603 368 676 ‘eiecti
392 603 429 671 in
454 596 672 696 Aegialeam
704 603 991 693 concesseruut,
1021 601 1213 705 pulsisque
1240 607 1326 680 loni·
1388 687 1389 696 ¹

257 698 344 791 bns,
370 700 433 798 qui
458 704 497 770 et
521 699 593 793 ipsi
619 700 657 768 in
671 698 832 769 Atticam
858 699 1088 795 migrarunt,
1113 705 1249 776 terram
1272 703 1326 778 dc·

258 797 343 871 binc
369 821 393 866 a
417 821 460 868 se
485 793 662 868 Achaiam
687 789 931 891 appellabant
946 796 1004 885 ¹⁵).
1052 797 1139 890 Alii,
1164 796 1271 890 duce,
1292 807 1328 872 ut

258 893 396 982 lerunt,
421 889 597 964 Pentbilo
625 892 775 963 Orestis
799 887 892 982 filio,
918 889 1050 966 relicta
1075 894 1326 993 Peloponneso

258 989 517 1088 adiunctisque
543 987 669 1060 multis
694 985 853 1060 aliorum
877 989 1104 1087 populorum
1132 990 1327 1066 hominibus

257 1113 378 1162 novas
410 1084 485 1162 sibi
518 1083 627 1160 sedes
657 1087 697 1156 in
721 1081 850 1158 Lesbo
883 1083 1007 1159 insula
1031 1092 1073 1162 et
1095 1092 1133 1161 in
1159 1093 1330 1189 oppositis

259 1189 373 1259 Asiae
398 1178 593 1256 littoribus
623 1185 806 1279 ceperunt
817 1184 885 1274 1⁶)‚.
929 1183 970 1254 ln
987 1183 1251 1284 Peloponneso
1275 1212 1331 1258 au·

257 1287 333 1358 tem
359 1305 456 1381 quae
469 1275 706 1398 Achaeorum
730 1276 881 1398 luerent
905 1305 928 1352 a
943 1280 1195 1407 lipsiensibus
1219 1285 1332 1356 omnia

259 1373 1333 1573 &liliththietbalduslldtltltdhll

257 1574 442 1672 δοκοίη).
491 1573 590 1644 Mox
615 1574 727 1644 etiam
754 1568 974 1645 Corinthum
1000 1572 1150 1667 Aletes,
1175 1599 1269 1647 unus
1291 1598 1333 1645 ex
1390 1573 1391 1666 J

257 1667 542 1746 Heraclidarnm
567 1671 696 1763 genle,
720 1670 814 1765 ipsis
839 1667 1076 1768 principibus
1101 1697 1178 1744 non
1210 1673 1333 1759 invitis,
1390 1673 1391 1680 ’

256 1773 297 1843 in
330 1792 435 1840 suam
466 1766 696 1865 potestatem
728 1768 874 1862 accepit
888 1765 956 1864 1ὅ),
988 1767 1089 1842 unde
1118 1765 1228 1842 brevi
1258 1782 1334 1866 post
1389 1764 1392 1850 J

259 1871 429 1963 tempore
453 1865 670 1936 incursione
705 1865 744 1934 in
777 1864 940 1936 Atticam
974 1862 1077 1938 lacta
1108 1865 1334 1964 Megaridem

258 1987 409 2065 quoque
433 1955 725 2036 Atheniensibus
749 1959 961 2035 Dorienses
986 1966 1207 2061 eripuerunt
1220 1965 1273 2058 ¹⁹).
1390 2039 1392 2046 ,

745 2131 779 2212 u.
807 2129 857 2202 11.

356 2263 500 2335 Harum
525 2258 649 2332 aulem
676 2284 771 2359 quas
799 2261 1009 2336 Dorienses
1033 2262 1255 2338 insederunt
1271 2271 1335 2336 ler·
1392 2259 1393 2338 ἶ

259 2386 386 2435 rernm
422 2360 569 2430 veteres
601 2360 750 2430 incolae
787 2356 1076 2460 haudquaquam
1115 2387 1246 2435 omnes
1281 2371 1337 2432 ant
1391 2347 1393 2372 ¹

165 2547 167 2552 Ι
260 2461 387 2532 statim
414 2451 562 2529 subacti
587 2455 654 2525 aul
679 2453 829 2552 expulsi
855 2462 953 2532 snut.
1001 2456 1106 2534 Alos
1133 2464 1230 2533 enirn
1256 2483 1334 2532 sero

260 2554 406 2629 demum
432 2555 582 2648 etpost
611 2547 721 2648 plura
753 2552 906 2626 saecula
937 2553 1106 2628 devictos
1138 2583 1225 2631 esse
1256 2581 1336 2630 con·
1390 2547 1394 2557 ’

259 2654 337 2728 stat
351 2653 398 2746 ¹),
424 2647 487 2722 alii
510 2651 550 2720 iu
577 2650 738 2722 civitatis
763 2653 1060 2728 communionem
1085 2651 1240 2728 admissi
1264 2677 1337 2727 cnm
1393 2651 1394 2724 ζ

262 2793 460 2810 Μ

401 2857 525 2909 l’eusen.
544 2857 582 2920 Π,
602 2854 645 2922 18,
665 2855 691 2908 7.
711 2855 748 2908 cl'.
767 2856 903 2910 Mueller.
921 2861 994 2914 Dor.
1012 2860 1027 2912 1
1046 2879 1075 2930 p.
1093 2860 1129 2915 97
1147 2879 1190 2933 sq.

399 2947 523 2998 Pauseu.
542 2946 610 3013 VlL
630 2945 656 3006 l,
673 2945 692 2999 ³
710 2963 770 3018 sqq.
788 2965 877 3020 supra
893 2949 928 3001 P.
946 2949 976 3003 Π
993 2943 1017 3018 §
1040 2950 1066 3018 6,
1084 2951 1127 3004 td.

402 3034 447 3090 Gi.
465 3053 552 3106 snpra
569 3036 603 3091 Ρ.
622 3037 652 3090 11
669 3033 697 3102 9.
716 3038 742 3104 b,
762 3038 804 3090 14.

400 3123 475 3180 Plet·
493 3125 582 3193 begs.
602 3126 647 3178 ΙΙΙ
665 3143 692 3197 p.
712 3125 774 3180 883.
791 3123 927 3198 Apollod.
945 3127 983 3190 11,
1001 3126 1028 3189 8,
1046 3127 1073 3184 4.
1091 3129 1219 3181 Pansam.
1240 3127 1294 3193 ΙΙΙ,
1319 3125 1339 3189 Ι,

258 3197 285 3251 4.
304 3198 331 3263 3,
348 3197 375 3251 3.
393 3197 506 3250 Mauso.
524 3199 620 3268 Spart.
638 3198 662 3264 l,
682 3198 697 3252 l
716 3217 744 3268 p·
762 3198 805 3254 59,
825 3196 958 3252 Mueller.
977 3200 1047 3252 Dor·
1065 3201 1081 3252 1
1098 3219 1126 3271 p.
1146 3201 1190 3253 63.

313 3283 381 3354 ’18)
398 3287 523 3340 Peucen.
540 3286 579 3354 ΙΙ,
597 3286 625 3352 4,
642 3288 668 3342 8.
687 3285 786 3343 Sebol.
804 3286 890 3342 Pind.
903 3285 1017 3359 Olymp.
1035 3290 1118 3360 xm,
1138 3289 1179 3342 17.
1204 3290 1338 3356 Wagner.

259 3356 281 3411 l.
299 3356 319 3410 l.
336 3376 364 3427 p.
381 3357 425 3412 84.
455 3355 590 3412 Mueller.
609 3357 624 3410 Ι
642 3377 670 3430 p.
689 3359 733 3413 84.

332 3440 381 3514 19)
400 3445 539 3500 Herodot.
558 3446 599 3508 V,
617 3447 661 3502 78.
680 3447 779 3502 Strub.
796 3447 851 3516 IX,
870 3447 885 3500 l
904 3465 933 3518 p.
952 3446 1014 3502 393.
1045 3447 1154 3502 Vellei.
1173 3451 1197 3512 1,
1216 3449 1243 3503 2
1271 3447 1340 3500 Pau·

259 3536 321 3573 seu.
338 3517 362 3586 1,
380 3515 426 3582 39,
444 3518 471 3570 4.
500 3515 633 3570 Mueller.
653 3537 680 3588 p.
698 3519 743 3572 88.

331 3621 362 3692 1)
381 3625 416 3678 In
440 3623 585 3677 Laconica
606 3626 712 3694 Aegyn
735 3623 771 3678 ab
795 3623 939 3680 Archelao
964 3625 1077 3679 demum
1101 3632 1131 3679 et
1153 3623 1289 3681 churileo
1308 3620 1341 3686 (c-

259 3715 325 3749 auu.
343 3695 396 3752 884
408 3693 512 3763 -827)
531 3706 721 3767 expugnatum
740 3694 830 3749 reiert
839 3697 963 3750 Pausun.
973 3697 1027 3764 Ill,
1039 3699 1067 3762 2,
1076 3699 1102 3766 h,
1120 3696 1239 3766 Pharin,
1258 3699 1340 3763 Amy·

258 3767 334 3836 clus,
359 3765 538 3821 cereatum
562 3785 579 3820 e
605 3765 724 3822 'l'eleclo
748 3767 827 3832 (uun.
847 3764 1014 3835 eae-787)
1033 3769 1070 3822 id·
1090 3768 1129 3824 ib.
1147 3769 1174 3838 5.
1192 3770 1219 3824 d.
1255 3765 1340 3822 Helos

259 3839 295 3893 a'b
313 3838 398 3892 buius
416 3838 477 3892 filio
495 3837 662 3896 Alcumena.
699 3836 729 3906 ὁ.
748 3839 773 3893 7.
810 3841 990 3914 Quamqucm
1011 3848 1108 3894 utrum
1132 3847 1202 3894 tuae
1224 3841 1338 3912 primurn

259 3911 367 3965 devicti
385 3929 423 3964 au
441 3910 616 3965 rebellantes
635 3913 754 3965 coerciti
772 3912 831 3964 siut
853 3931 913 3964 uon
935 3913 1005 3966 ratis
1028 3911 1120 3984 liquet
1144 3931 1160 3966 e
1182 3911 1339 3965 Pausaniae

258 3984 364 4052 verbis,
387 4001 443 4036 nec
461 3982 587 4036 dubitari
604 3989 706 4056 potest·
717 3985 786 4055 quin
804 3992 935 4037 veterum
953 3984 1124 4055 scriptorum
1142 3981 1275 4056 plerique
1291 3980 1340 4032 boe

257 4056 458 4142 potiusquam
475 4053 871 4195 illuqssvqspslpatcrediqurigt.
893 4053 946 4194 g.
966 4050 1340 4181 {lfunouietqlecabnpp'plp-

257 4132 450 4268 llelrhllpllllacglll
461 4143 518 4268 (llll
530 4197 566 4251 de
583 4125 946 4270 univldsllreuonellqua
964 4145 1190 4252 Dorihhrhhninn
1201 4145 1341 4266 quocum

260 4266 304 4321 dis
321 4265 503 4323 Achaeorum
525 4268 643 4323 rudibus
660 4271 707 4322 usi
724 4271 792 4329 rint,
815 4269 971 4340 prudenter
989 4273 1122 4342 exposuit
1147 4273 1215 4324 lior.
1234 4265 1323 4339 Ili-'l

260 4358 321 4412 sqq.
343 4346 371 4393 et
387 4339 423 4394 al
441 4356 503 4412 sqq.
541 4340 630 4406 Quod
648 4347 743 4395 suum
762 4339 807 4393 bio
824 4342 964 4413 Mycenes
987 4360 1102 4416 quoque
1126 4347 1156 4395 et
1173 4337 1339 4412 'I'iryutbem

330 2853 381 2927 14)

331 2941 380 3015 ιε)

332 3032 383 3103 re)

331 3121 380 3194 17)
