2814 5080
288 349 326 422 8.
351 349 410 424 Do
434 344 637 448 ds'acs'plc'nu
650 339 824 449 ¹pohls'eu.
1049 349 1122 424 331

50 533 224 612 munitatis
254 523 631 628 hona'multipliciter
653 529 910 630 provenirent,
942 537 1123 634 recteque

49 633 127 709 illud
152 631 358 722 (liceretur,
374 627 383 646 ’
398 631 460 727 qui
485 626 641 702 Athenis
674 631 745 702 viri
775 626 868 703 honi
901 634 1123 722 existerent,

51 759 90 805 eo
114 733 244 804 ceteris
270 726 569 826 praestantiores
595 751 692 818 esse,
718 725 821 828 qnod
845 727 1019 804 virtutem
1045 754 1125 801 non
1183 791 1187 796 .

49 831 272 902 extrinsecus
295 820 468 915 inditam,
508 820 576 896 sed
602 821 723 915 libere
756 828 795 898 et
826 826 961 924 suapte
987 828 1124 926 sponte

48 927 250 1024 susceptam
277 947 322 995 ae
346 917 557 996 naturalem
582 919 769 998 haherent
783 923 828 1022 ¹).

445 1059 477 1215 t.
508 1123 711 1210 Lxxxn.
790 1135 792 1142 ’

27 1351 33 1361 .
131 1277 213 1356 lam
237 1271 588 1397 primuminlaotes'
608 1275 815 1358 tollendine
840 1303 888 1372 au
911 1271 1126 1394 exponemli

47 1373 917 1571 t{23¹¹tlt.lll¹¹ssnlttttltttil3¹tf’
939 1371 1127 1546 ellel.

47 1568 178 1646 liberos
204 1577 342 1670 postea
364 1570 583 1647 interimere
606 1571 829 1669 parentibus
844 1565 943 1645 haud
957 1567 1063 1642 licuit
1076 1566 1127 1660 ²):

46 1670 215 1765 poterant
247 1670 370 1742 tamen
404 1663 472 1740 filii
501 1663 687 1760 abdicari,
719 1671 751 1742 si
782 1671 936 1768 gravius
972 1690 1130 1764 peccas·

46 1765 186 1859 sent³)‚
223 1763 323 1840 tiliae
354 1765 535 1863 innuptae
573 1789 708 1843 uenum
747 1763 829 1840 dari
858 1764 1019 1864 propter
1057 1765 1127 1836 im·

45 1861 251 1959 pudicitiam
263 1861 313 1958 4).
329 1906 388 1934 -.
402 1860 614 1960 Disciplina
638 1860 794 1962 puerilis
812 1864 1027 1937 tenuiorum
1046 1861 1128 1960 qui-

47 1958 121 2034 dem
146 1959 354 2052 hominum,
416 1985 488 2033 uos
525 1962 642 2032 victus
674 1958 878 2060 quaerendi
910 1983 1002 2032 cura
1035 1955 1130 2030 ali-

49 2053 292 2132 teraliorihus
323 1984 458 2130 stuliis
491 2057 656 2146 arceret,
704 2054 940 2130 consistebat
974 2052 1056 2126 lere
1087 2056 1129 2126 in

46 2159 167 2253 primis
192 2153 402 2230 litterarum
428 2152 621 2229 elementis
635 2153 683 2250 ⁵),
716 2152 854 2254 quihus
878 2147 1013 2226 imbuti
1037 2175 1131 2224 mox

48 2251 89 2326 ad
114 2260 233 2328 artem
258 2249 417 2350 aliquam
443 2247 659 2324 discendam
683 2247 990 2340 traducerentur,
1029 2244 1130 2321 unde

47 2353 236 2450 quaestum
281 2346 484 2449 aliquando
528 2345 656 2423 lacere
699 2348 870 2447 possent.
933 2343 1132 2420 Eiusmodi

47 2457 122 2523 arte
151 2450 186 2524 si
220 2471 329 2550 quem
359 2449 471 2547 pater
502 2447 699 2522 instituere
728 2444 984 2546 neglexisset,
1032 2443 1132 2520 hunc

47 2641 243 2662 ——d

111 2742 144 2815 1)
169 2745 257 2801 Plato
275 2745 371 2822 1¹⁰8&-
392 2749 408 2802 I
420 2765 453 2870 p·
477 2745 533 2802 em
553 2745 592 2804 (lt
618 2739 711 2802 utini
732 2743 832 2801 muer
847 2739 1002 2816 λιγὸμενον,
1026 2735 1062 2798 cis
1077 2735 1131 2794 ὅσοι

44 2811 182 2883 Ἀθηναίων
203 2819 264 2874 siaiu
287 2819 400 2892 ἀγαθώ,
435 2819 590 2892 ιαφερόνῐως
609 2817 656 2874 stul
672 2818 780 2882 sewius,
799 2817 868 2870 δοκεῖ
884 2817 1040 2882 ἀληθέστατα
1057 2813 1131 2882 λέγε-

45 2893 117 2942 σθαι.
141 2892 222 2960 μόνοι
243 2888 298 2966 γὰρ
316 2887 379 2944 ἄνευ
396 2889 515 2962 ἀνάγκης
531 2889 662 2960 estsuper&
676 2890 724 2944 sul
739 2887 792 2946 ectu
807 2887 923 2944 πλαστῶς
937 2884 1001 2940 εἰσὶν
1017 2884 1129 2956 ἀγαθώ.
1153 2936 1156 2943 ,

112 2992 321 3069 l)'Exponara
345 2996 471 3050 inientes
488 2994 610 3051 Athenis
633 2995 750 3050 licuisse
774 2996 946 3049 comicorum
965 2991 1135 3044 Latinorum

45 3063 157 3122 fabulae
177 3069 386 3136 demonstrant,
406 3068 509 3140 quihus
528 3088 580 3122 our
597 3069 726 3122 Meiarus
744 3069 830 3121 Proc.
849 3069 909 3120 att.
928 3076 957 3129 Ρ.
975 3061 1029 3116 409
1047 3059 1135 3112 fidem

47 3136 147 3194 hahere
165 3140 295 3195 noluerit
312 3159 374 3194 non
391 3143 461 3194 satis
478 3139 624 3210 intelliget
655 3145 685 3194 et
702 3139 813 3193 nullam
830 3137 886 3192 hac
902 3139 934 3188 in
952 3152 984 3186 re
1003 3135 1133 3204 impiata.

48 3216 99 3264 tem
123 3215 223 3266 inesse
242 3215 362 3268 Graecis
386 3215 477 3266 visam
501 3214 570 3266 satis
589 3215 713 3266 constat.
751 3209 796 3266 cf.
814 3211 901 3264 Petit.
920 3205 1009 3275 Iaegg.
1028 3207 1088 3257 Ast.
1106 3215 1136 3267 Ρ.

48 3284 105 3337 219.
144 3280 320 3352 Stallhaum.
349 3283 386 3338 acl
416 3282 490 3340 Plat.
514 3281 602 3338 Polit.
620 3291 689 3350 tom.
705 3283 721 3338 1
738 3295 766 3350 Ρ.
784 3281 848 3338 359.
885 3282 1038 3334 Diuersam
1057 3273 1136 3330 The·

49 3353 186 3410 banorum
205 3355 298 3426 legem
318 3361 522 3410 commemorat
538 3353 679 3410 Aelianus
697 3355 851 3422 v.11.11,
869 3353 896 3408 ’1.

113 3462 147 3531 0)
174 3465 346 3518 Contrarias
369 3465 530 3516 sententiae
553 3467 688 3516 auctores
713 3459 870 3520 laudantur
888 3459 996 3512 Sextus
1014 3456 1139 3526 Empiri·
1259 3525 1263 3529 ι

50 3550 95 3588 oue
112 3535 259 3607 Pyrrhon.
277 3535 416 3608 hypotyp.
436 3535 480 3588 111
496 3547 524 3599 Ρ.
545 3533 597 3590 180
615 3541 645 3588 et
661 3531 793 3587 rhetores
812 3530 925 3606 quidam
946 3529 1022 3602 apud
1039 3530 1138 3581 Meur-

48 3609 117 3660 sium
136 3607 242 3662 Them.
260 3610 322 3662 Att.
342 3608 366 3675 l,
384 3610 402 3662 0
421 3613 450 3659 et
468 3605 649 3676 Wesseling.
668 3605 705 3659 sd
723 3607 810 3659 Petit.
828 3615 857 3668 Ρ.
875 3601 938 3656 236.
974 3599 1035 3653 Sed
1052 3617 1139 3650 nemo

18 3681 20 3686 “
51 3683 195 3748 quaesivit
212 3679 281 3752 quid
298 3681 336 3732 sit
354 3677 431 3751 quod
449 3677 494 3732 illi
512 3679 612 3732 dicunt
628 3675 695 3731 κατὰ
711 3673 755 3731 τὸν
769 3677 822 3730 τῶν
831 3675 944 3748 ἀκρίτων
954 3672 1044 3743 νόμον.
1075 3672 1140 3722 Sci·

48 3747 113 3803 licet
129 3759 251 3824 propter
268 3758 349 3804 certa
367 3749 508 3823 quaedam
533 3748 638 3804 delicta
660 3748 805 3803 hominem
825 3745 957 3798 occidere
976 3744 1068 3797 cuivis
1086 3744 1142 3793 im-

48 3841 123 3892 pune
142 3832 214 3893 erat,
232 3823 356 3896 ideoque
375 3825 461 3876 etiam
478 3820 586 3876 liberos
603 3821 781 3894 parentibus.
825 3817 870 3872 (tl.
887 3833 965 3888 supr.
987 3835 1016 3887 p.
1033 3813 1095 3880 29⁰,
1113 3811 1140 3866 8.
1249 3869 1255 3884 .

120 3928 155 4001 3)
174 3933 221 3984 Dc
240 3930 430 3998 abdicatione,
448 3928 608 4004 ἇποκηρόξει,
633 3928 670 3985 ct'.
688 3929 774 3987 Petit.
792 3925 881 3995 legg.
901 3905 959 3979 Att
980 3933 1009 3988 Ρ.
1028 3919 1082 3976 234
1098 3937 1142 3994 sq·

50 4001 152 4058 Meter.
171 4004 259 4058 Proc.
277 4007 338 4058 att.
355 4015 385 4068 Ρ.
404 4004 457 4057 432
475 4021 517 4074 sq.

122 4109 156 4180 4)
178 4108 326 4165 Plutarch.
345 4108 449 4164 Solon.
468 4127 493 4163 c.
511 4109 556 4164 23.

121 4214 155 4288 s)
185 4217 232 4272 or.
256 4216 402 4291 manceps.
419 4217 531 4288 nqueo.
548 4233 578 4268 v.
597 4214 658 4270 1ss.
684 4211 808 4285 sapon
827 4209 906 4286 apua
918 4181 1091 4274 aurneinan.
1117 4208 1143 4264 1.

54 4289 89 4342 0.
110 4292 136 4357 l,
156 4291 201 4354 10,
222 4289 261 4343 10
303 4293 336 4343 ln
354 4291 522 4342 universum
540 4286 600 4340 vid.
619 4284 744 4359 Aclolph.
765 4287 892 4355 (tremor,
919 4283 956 4336 de
975 4281 1146 4338 educatione

54 4379 214 4432 puerorum
233 4362 309 4424 apud
327 4360 531 4417 Athenienses.
566 4357 816 4439 nianburg-1833·
850 4357 878 4412 8.
1106 4356 1109 4364 '
