2822 5082
352 349 387 423 5.
411 345 473 424 Bo
495 305 798 444 mergascotelon.
1048 354 1120 428 241

49 541 133 636 iique
164 531 352 608 bominem
379 535 418 606 in
442 530 618 606 iudicium
645 529 897 629 deducebant,
923 539 1030 610 cuius
1046 539 1121 707 ipsi

49 630 227 734 praesides
266 633 402 724 erant,
442 629 649 704 accusabat
688 643 811 706 autem
854 660 952 708 uuus
991 660 1012 708 e
1080 661 1120 708 e·

48 753 512 926 ttat'ttt‘ttutlt
525 724 600 919 vib
626 727 1122 904 murmurari

48 920 277 1024 aliiquilibet
302 942 323 994 e
348 919 492 994 civibus
523 926 766 998 accusatores
792 925 976 999 existeret
1013 950 1124 1026 quam

49 1019 193 1094 obrem
227 1017 534 1118 provocabantur
563 1023 673 1092 statis
709 1018 942 1119 temporibus
976 1047 999 1094 a
1023 1029 1123 1122 logi-

47 1121 176 1191 starum
200 1140 402 1216 praecone,
428 1117 469 1188 ut
494 1117 525 1186 si
553 1121 636 1216 quis
662 1143 844 1190 accusare
870 1114 968 1191 bunc
995 1119 1053 1194 vel
1078 1119 1123 1194 il-

8 1289 9 1292 ,
46 1213 107 1288 lum
131 1217 291 1314 propter
316 1238 378 1287 res
402 1216 440 1286 io
465 1217 692 1310 magistratu
718 1217 784 1287 aut
801 1218 996 1290 curatione
1022 1242 1124 1290 oom-

8 1311 9 1376 ἐ
45 1317 166 1386 missas
193 1310 316 1404 vellet,
341 1307 441 1410 apud
466 1308 943 1410 logistasproliteretufi).
975 1315 1125 1389 Nemini

47 1419 160 1483 autem
186 1411 274 1482 aute
300 1406 484 1481 redditam
511 1406 796 1509 coniectumque
824 1407 897 1482 boc
923 1410 1036 1484 modo
1063 1437 1125 1484 ra-

8 1508 173 1580 ‘tionem
199 1531 269 1578 nec
297 1529 459 1604 peregre
492 1503 682 1603 proticisci
711 1505 833 1597 licuit,
865 1532 988 1608 neque
1014 1507 1126 1582 alium

8 1611 11 1668 l
45 1608 294 1702 magistratum
328 1627 487 1702 capere,
518 1627 640 1702 neque
671 1606 842 1701 praemio
875 1603 1026 1703 publice
1060 1631 1124 1679 or-

45 1705 130 1793 uari,
164 1726 286 1800 neque
320 1697 367 1773 de
401 1697 512 1772 bonis
545 1703 625 1772 suis
657 1697 858 1800 quidquam
892 1700 964 1774 diis
989 1728 1125 1778 conse·

45 1823 156 1890 orare,
183 1823 305 1897 neque
330 1797 594 1872 testamentum
620 1795 762 1890 lacere,
787 1802 910 1942 neque
925 1797 1124 1899 peradro·
1221 1827 1224 1834 ·

8 1951 10 1990 z
44 1899 233 1993 gatiouem
257 1897 297 1968 in
322 1893 432 1968 aliam
458 1889 635 1968 familiam
660 1897 823 1968 transire
851 1915 883 1994 ).

512 2076 545 2156 5.
562 2061 649 2139 XL.

8 2275 9 2278 Ἴ
145 2195 326 2268 Potestas
372 2197 535 2272 omnium
582 2196 869 2296 magistratuum
910 2195 1128 2297 permodica

8 2335 9 2338 =
44 2291 120 2364 erat
145 2296 475 2392 tantoque‘magis
501 2297 798 2393 circumscripta,
852 2299 970 2368 uanto
995 2293 1128 2395 populi

8 2405 11 2492 J
42 2390 231 2485 imperium
275 2393 314 2462 iu
358 2394 480 2464 maius
525 2401 758 2467 excreverat.
815 2320 984 2466 lirinum
1029 2395 1127 2465 euim

8 2543 10 2566 2
42 2485 198 2582 publicis
232 2484 403 2559 consiliis
434 2491 472 2560 in
501 2493 640 2562 senatu
672 2488 732 2562 vel
773 2493 813 2563 iu
851 2494 1016 2563 comitiis
1047 2515 1128 2563 ma-

8 2609 12 2639 2
42 2585 222 2680 gistratus
248 2591 313 2656 aut
335 2582 447 2682 plane
480 2611 557 2658 uon
593 2589 819 2678 intererant,
850 2589 916 2660 aut
947 2590 978 2663 si
1009 2589 1128 2661 inter·

8 2691 10 2696 '
41 2687 168 2756 essent
193 2707 268 2754 uon
294 2679 379 2780 plus
403 2679 484 2755 fere
507 2683 699 2781 poteraut,
724 2708 835 2782 quam
861 2680 1017 2784 quilibet
1048 2685 1127 2782 pri-

39 2780 162 2852 vatus:
179 2779 210 2870 ¹)
243 2775 378 2851 deinde
409 2781 446 2851 iu
484 2778 790 2852 administrandis
821 2782 1006 2876 negotiis,
1031 2804 1129 2879 quae

39 2878 170 2976 cuique
201 2873 382 2948 attributa
407 2879 529 2968 erant,
554 2902 631 2949 uon
665 2879 789 2974 magis
819 2873 968 2972 legibus
990 2875 1128 2953 adstri-¹

41 2975 85 3044 cti
110 2998 223 3074 quam
246 2969 377 3070 populi
402 2975 506 3046 scitis
521 2970 680 3046 obnoxii
706 2972 873 3065 erant,²)
899 2976 1128 3070 privat'o'rum'

38 3066 180 3164 plerum
209 3095 256 3142 ue
287 3067 473 3142 bominum
499 3095 615 3142 suasu
638 3073 677 3145 et
699 3069 925 3143 auctoritate
955 3067 1139 3168 perlatisz,

41 3095 235 3239 subeunda
251 3191 370 3263 porro
386 3170 422 3238 in
437 3170 597 3239 comitiis
609 3164 813 3240 identidem
826 3169 931 3265 quasi
947 3162 1129 3264 quaedam

40 3261 167 3361 populi
192 3288 356 3336 censura
381 3263 420 3336 et
443 3262 631 3356 iudicium,
656 3267 695 3338 iu
722 3288 796 3364 quo
823 3290 846 3334 a
870 3260 1042 3363 quolibet
1065 3289 1128 3336 ao·

8 3419 10 3426 ,
42 3364 176 3454 cusani,
202 3365 242 3432 ct
274 3362 307 3434 si
338 3356 531 3434 rideretur
559 3359 805 3455 multitudini,
836 3361 1028 3460 potestate
1059 3385 1130 3434 sua

176 3905 202 3961 r.
221 3901 294 3962 nro.
311 3927 340 3980 p.
358 3903 420 3964 ua
438 3905 500 3962 ur.

158 4013 194 4068 In
212 4019 316 4068 senatu
333 4013 431 4069 nullas
447 4015 665 4082 magistratuum
683 4017 780 4083 partes
798 3971 889 4066 inisse
906 4011 976 4066 satiri
1001 4015 1128 4082 constut3

31 4085 59 4136 in
78 4087 211 4152 comitiis
234 4092 318 4139 erent
339 4087 454 4210 quidem
477 4084 633 4158 aliquando
656 4083 830 4153 nonnullae,
855 4083 908 4138 sed
931 4101 983 4138 cue
1002 4101 1066 4155 ,non
1087 4087 1130 4139 ua

31 4159 127 4227 magni
148 4160 297 4211 momenti.
316 4160 360 4212 C·
380 4175 404 4212 o.
424 4160 442 4214 4
461 4155 489 4224 §-
508 4160 553 4226 30,
572 4157 598 4212 9.
617 4157 662 4238 33,
680 4155 707 4210 6·
725 4157 770 4224 35,
788 4156 815 4212 4.

8 4307 9 4354 ;
99 4265 133 4334 a)
156 4261 204 4318 or
222 4266 312 4322 asra
330 4261 418 4318 roua
435 4265 492 4333 rv,
509 4265 537 4333 r,-
553 4263 580 4319 a
598 4262 625 4318 e.
645 4261 691 4328 vr,
710 4261 738 4331 1,-
753 4244 780 4318 t.
868 4258 916 4404 1⁰6
