2814 5080
133 435 136 440 .
195 377 230 448 9.
257 375 393 448 statar
409 383 503 472 post
518 373 643 472 prael.
673 373 857 448 Chaerea.
1037 373 1109 448 357

41 563 115 638 ctae
138 561 285 644 nomine
321 557 360 630 et
396 553 444 628 ad
478 553 695 630 sarciendus
723 551 814 628 helli
839 558 1027 653 impensas
1052 558 1107 628 vi-

38 660 126 734 ctori
149 653 391 755 penderetur,
417 651 577 752 danique
604 656 828 727 elicerentur
852 655 1001 726 civitate
1027 677 1106 724 om·

37 783 107 876 pes,
133 776 290 874 quornm
316 775 453 824 census
479 752 583 868 esspt
605 748 706 822 inl'rn
732 752 863 868 viginti
878 753 1020 868 minas.
1057 749 1108 868 lit

36 844 1107 1049 litatis?tl,lthttlttttttbtlll'tltll]

36 1045 76 1120 ad
89 1043 292 1165 'duodecim
315 1038 495 1160 mittiass),
521 1039 615 1160 urhe
641 1042 847 1160 cesserunt,
878 1039 941 1113 alii
965 1043 1107 1158 inatile

34 1142 118 1314 lpus
138 1138 361 1314 lppnlapites,
393 1136 560 1238 plerique
585 1165 624 1212 m
651 1135 854 1212 Thraciam
880 1133 927 1212 ab
952 1139 1106 1236 Antipa-

50 1265 135 1314 roa
180 1261 253 1337 ega
284 1289 294 1310 .

466 1431 499 1510 u.
524 1377 667 1495 xciv,

118 1554 384 1627 Brevissimam
408 1575 533 1624 rernm
559 1550 886 1626 commutationem
905 1552 994 1649 post
1013 1576 1111 1623 mor·

36 1653 100 1725 lcm
130 1651 318 1748 Antipatri
358 1645 496 1721 bellum
527 1645 618 1722 l'acit
649 1651 749 1722 inter
782 1646 1037 1722 Cassandrum
1070 1654 1110 1721 et

34 1745 389 1848 Polysperchontem
417 1747 542 1818 statim
567 1748 754 1837 exortum,
781 1771 891 1846 quum
907 1743 1109 1846 Polysper·

36 1846 143 1940 chon,
182 1849 367 1941 occupata
397 1841 572 1917 celeriter
603 1842 784 1943 pleraque
811 1844 992 1934 Graecia,
1032 1867 1107 1942 quo

34 1941 167 2015 lirmius
195 1942 426 2013 Graecorum
452 1943 598 2013 animos
623 1937 697 2013 sihi
722 1941 959 2034 conciliaret,
995 1937 1110 2012 liber-

36 2044 141 2132 tatem
167 2035 232 2111 uhi
259 2063 305 2109 ua
329 2034 432 2136 plebi
457 2040 694 2130 restitueret,
730 2040 769 2110 et
800 2041 832 2110 si
864 2042 927 2138 qui
952 2036 1000 2110 ab
1028 2035 1112 2108 aliis

35 2064 321 2235 imparatorlhus
347 2132 496 2230 expulsi
521 2136 662 2227 essent,
687 2132 848 2209 reditum
874 2131 1048 2208 omnibus
1073 2135 1111 2203 in

60 2237 189 2306 atriam
227 2233 265 2305 et
301 2233 452 2330 pristini
490 2234 584 2304 iuris
624 2235 908 2332 possessionem
942 2230 1052 2304 daret
1066 2229 1112 2326 ¹).

35 2261 254 2405 lletinnerat
284 2331 408 2401 tamen
435 2327 652 2403 Cassander
675 2330 917 2429 Munychiam
943 2355 1026 2401 oum
1051 2328 1113 2400 Pi·

36 2437 153 2518 raeeo,
180 2430 220 2501 et
244 2450 333 2498 mox
347 2451 390 2497 su
421 2426 527 2499 erato
543 2425 917 2525 Polysperchonte²)
943 2427 1114 2523 recepta·

37 2552 101 2626 quo
127 2523 224 2598 urhe
251 2521 357 2621 leges
382 2452 673 2596 dtheuiensibus
698 2529 896 2623 imposuit,
934 2527 1039 2614 satis,
1075 2523 1116 2592 in

37 2621 96 2696 tali
122 2619 272 2723 quidem
296 2625 480 2719 tempore,
494 2618 733 2694 tolerabiles:
758 2625 801 2694 ut
813 2621 959 2714 urbem,
984 2644 1116 2718 agros,

38 2746 154 2811 arma,
191 2742 329 2809 naves,
369 2742 439 2789 sua
462 2714 627 2817 denique
661 2721 784 2790 omnia
816 2716 890 2791 sibi
922 2714 1116 2807 habereut,

37 2820 230 2890 amicitiam
255 2839 337 2888 cum
365 2812 583 2887 Cassandro
611 2814 650 2888 et
673 2810 764 2888 helii
789 2818 1007 2889 societatem
1026 2810 1117 2883 lide·

38 2912 116 2986 liter
141 2913 426 3004 conservarent,
451 2909 710 3010 Munychiam,
742 2909 864 2985 donec
889 2909 1116 2985 debellatum

38 3022 145 3104 esset,
173 3007 382 3084 Cassandri
407 3010 542 3082 milites
559 3010 753 3102 tenerent,
790 3035 853 3082 res
881 3006 1029 3110 publica
1054 3031 1117 3078 ve-

35 3105 174 3181 teribus
200 3103 350 3204 legibus
376 3104 699 3180 administraretur
723 3105 853 3200 abiis,
879 3103 1013 3206 quibus
1030 3129 1117 3177 cen·

38 3230 96 3278 sus
123 3210 227 3280 esset
253 3201 350 3276 mille
376 3200 561 3277 drachmis
580 3202 681 3278 haud
694 3207 829 3298 minor,
855 3227 1036 3278 summum
1053 3226 1119 3274 au·

45 3400 240 3414 ——u—-a

103 3513 154 3587 lt)
179 3515 300 3572 Diodor.
322 3517 438 3581 XVlll,
464 3517 507 3584 18,
537 3517 587 3572 uhi
617 3537 669 3590 pro
692 3517 742 3572 τῶν
766 3518 906 3596 δισμυρίων
926 3519 973 3574 nat
996 3520 1125 3590 anxium

40 3589 453 3716 ἱξῗοτίὶξέιέυέῐέἑὶἰιμῖῗίῗν
470 3587 517 3642 καὶ
532 3590 662 3661 taxatae
680 3590 787 3646 dudum
806 3594 842 3646 ab
862 3593 926 3647 aliis
943 3594 1126 3646 observatum

106 3765 139 3838 1)
159 3769 245 3842 Ipsae
263 3765 520 3839 Polysperehontis
538 3767 670 3836 litterae,
697 3770 822 3844 Philippi
840 3771 993 3826 Arrhidaei
1011 3773 1126 3823 nomine

41 3841 172 3910 scriptae,
194 3847 293 3891 extant
312 3839 388 3910 apud
406 3839 565 3892 Diodorum
575 3843 679 3910 xv111,
693 3843 737 3896 56.
759 3847 801 3898 De
811 3847 943 3897 restituta
953 3845 1028 3914 apud
1037 3842 1127 3898 Athe·

43 3913 158 3963 aienses
191 3910 284 3982 plehis
316 3913 511 3966 dominatione
539 3919 568 3964 et
600 3914 635 3966 da
660 3915 747 3968 caede
771 3914 928 3969 Phocionis
951 3915 1129 3986 aliorumque

43 3984 225 4107 pptinpptium
259 3981 317 4035 vid.
344 3982 490 4037 Plutarch.
515 3984 603 4039 Phoe.
637 4005 662 4039 c.
689 3987 828 4056 aa-,aa
870 3988 992 4042 Diodor.
1016 3987 1131 4054 xvffl,

111 4159 141 4228 2)
165 4161 331 4213 Intraverat
350 4163 498 4216 Graeciam
511 4162 730 4234 Polyaperclron
750 4167 815 4219 circ.
829 4185 926 4218 mense
937 4165 1134 4235 Munychione

46 4232 169 4300 (April.)
206 4235 288 4286 euius
318 4234 363 4287 die
388 4237 464 4290 XVI
487 4235 619 4288 Phocion
644 4235 821 4292 interiectus.
847 4239 920 4292 Pina
938 4238 1027 4292 Phoe.
1047 4259 1071 4292 c.
1090 4240 1134 4294 37.

51 4303 151 4358 eadem
171 4314 281 4358 aestate
301 4309 463 4362 Cassander
488 4326 524 4360 ex
542 4309 613 4359 Asia
630 4327 764 4362 reversus
783 4311 932 4364 Graeciam
952 4330 1049 4365 rursus
1068 4313 1136 4365 suh-

51 4376 129 4446 lagu.
168 4380 272 4434 Annus
292 4385 353 4434 crat
370 4380 484 4452 Olymp.
502 4379 598 4446 CXV,
615 4381 633 4433 4
651 4387 724 4436 extr.
743 4385 852 4454 oxvl,
872 4386 887 4438 l
906 4389 947 4438 in.
