2840 5084
281 383 329 456 1⁰
702 387 958 464 Proocmrhm.

280 569 458 643 Ceterum
515 571 666 644 uoniam
697 572 889 646 recentior
920 570 1118 646 comoedia
1155 573 1193 642 in
1223 571 1358 670 privata

278 691 324 738 ac
350 594 557 740 domestlca
581 670 659 742 vita
684 671 858 743 consistit
887 695 957 743 nec
988 695 1066 744 rem
1099 664 1283 768 publicam
1311 669 1360 740 at

279 766 428 861 tingere
452 761 565 856 solet,
597 769 753 840 minoris
779 765 912 840 estad
945 767 1187 868 antiquitates
1218 770 1359 836 nostras

279 885 389 961 quam
417 864 524 936 vetus
547 859 613 935 illa
638 866 828 937 momenti.
865 866 952 938 Jam
978 887 1072 938 vero
1098 861 1147 936 ed
1171 865 1229 934 ius
1253 858 1358 933 stle-

277 961 461 1031 niensium
487 961 525 1032 et
549 985 629 1034 rem
650 959 883 1035 iudiciariam
904 958 1209 1061 cognoscendam
1229 955 1358 1030 nullum

277 1059 508 1154 scriptorum
530 1081 655 1156 genus
680 1054 834 1132 uberius
860 1065 920 1133 est
946 1085 1057 1161 quam
1083 1061 1271 1148 oratores,
1304 1079 1358 1127 re-

276 1160 379 1227 teres
404 1151 458 1226 illi
483 1151 532 1228 ah
556 1155 789 1255 Antiphonte
815 1183 934 1259 usque
960 1156 1007 1230 ad
1033 1153 1278 1242 Dinarchum,
1302 1152 1358 1250 qni

275 1251 314 1324 iu
346 1253 507 1324 comitiis
538 1277 584 1325 ac
616 1249 702 1327 toro
734 1257 800 1327 aut
830 1253 877 1327 de
904 1254 1017 1329 rehus
1041 1250 1206 1354 puhlicis
1231 1250 1294 1321 aut
1317 1245 1357 1321 de

276 1350 401 1420 causis
425 1351 659 1446 privatorum
685 1349 865 1426 dixerunt
878 1355 936 1448 Ι9).
993 1353 1089 1426 Nam
1116 1348 1357 1424 recentiorum

275 1441 471 1519 rhetorum
511 1449 641 1546 potius
683 1473 794 1550 quam
834 1455 1052 1541 oratorum,
1091 1447 1238 1523 etiamsi
1273 1467 1359 1514 non·

273 1567 473 1714 qunquaqq
495 1547 719 1716 ahgumenla
752 1548 919 1666 tractant
957 1569 1005 1621 er
1042 1549 1184 1716 vptertq
1210 1541 1359 1712 hiqtoria

301 1665 404 1713 esum
545 1669 646 1718 one
702 1670 808 1718 amen
839 1670 964 1720 minor
995 1669 1065 1718 auc
1085 1670 1145 1717 orr
1187 1665 1256 1714 se
1303 1661 1358 1708 ra·

272 1738 356 1810 rior
387 1667 491 1812 ullus,
511 1669 799 1815 estgGantius
832 1743 945 1817 etiam
977 1740 1169 1842 agendum
1203 1739 1260 1811 est
1283 1757 1357 1808 cum

273 1837 367 1907 artis
402 1837 595 1913 oratoriae
625 1841 837 1937 magistris,
870 1844 933 1941 qui
970 1861 1171 1914 causarum
1202 1841 1265 1908 eut
1295 1855 1356 1930 pu·
1415 1843 1416 1934 J

271 1929 458 2008 hlicarum
508 1938 575 2009 aut
622 1939 859 2036 privatarum
907 1961 1017 2012 exem
1045 1934 1082 2010 la
1132 1928 1355 2036 proponunt,
1415 1957 1416 1962 ¹

271 2026 362 2102 licta
379 2029 601 2134 plerumque
622 2059 706 2107 cum
725 2033 877 2134 legibus
897 2037 985 2110 item
1005 1964 1117 2125 tlhtis,
1145 2055 1241 2134 quae
1254 2049 1356 2128 quum
1415 2023 1416 2060 ¹

270 2151 343 2226 pro
386 2132 484 2203 veris
523 2128 770 2225 haberentur,
809 2135 1010 2231 insignium
1044 2145 1354 2232 saepeerrorum
1415 2135 1416 2228 J

271 2249 410 2298 causae
437 2224 664 2322 luerunt20).
692 2267 738 2284 -·
763 2230 966 2304 Postremo
991 2227 1079 2302 loco
1104 2231 1133 2304 ii
1158 2227 1355 2323 scriptores
1415 2237 1416 2258 ¹

270 2322 589 2398 commemorandi
614 2325 716 2418 sunt,
776 2330 812 2400 ui
837 2329 1038 2428 postquam
1069 2334 1179 2400 vetus
1205 2318 1356 2396 Graecia

270 2414 449 2495 defloruit
490 2424 529 2496 in
567 2421 717 2496 erudita
750 2352 924 2499 hraecae
962 2425 1197 2544 antiquitatis
1233 2415 1354 2514 cogni·

269 2516 374 2591 tione
406 2541 458 2593 ex
489 2522 649 2594 vetustis
679 2525 927 2596 monumentis
953 2519 1163 2596 hauriendo
1188 2512 1353 2594 elabora·
1416 2589 1417 2626 ,

268 2616 370 2687 runt.
418 2615 462 2689 ld
488 2617 663 2710 studium,
688 2617 943 2702 Alexandriae
968 2623 1173 2719 praecipue
1193 2608 1352 2690 celebra·
1416 2633 1417 2652 ¹

269 2718 360 2803 tum,
370 2711 556 2811 plurimos
570 2714 731 2815 protulit
742 2721 931 2792 variarum
944 2720 1209 2818 antiquitatum
1222 2708 1352 2786 libros:
1416 2711 1417 2750 l

268 2833 341 2882 nos
365 2835 478 2885 unum
509 2811 692 2888 hahemus
716 2813 969 2908 Athenaeum,
1000 2818 1064 2916 qui
1095 2813 1187 2888 licet
1216 2815 1254 2884 in
1283 2808 1353 2879 sin·

267 2903 394 3004 gulari
416 2932 562 3007 genere
586 2919 757 2986 versetur
781 2913 898 2986 multa
923 2917 1048 2987 tamen
1099 2915 1213 2990 assim
1246 2902 1352 2980 admi·
1416 2917 1417 2938 ¹

267 3007 367 3078 scuit
392 3003 505 3083 nohis
534 3034 684 3110 quoquo
704 3007 905 3084 admodum
918 3009 1036 3088 utilia.
1067 2939 1351 3118 llcchelianum

267 3104 622 3203 praetermittemus,
647 3110 775 3182 variae
801 3105 983 3182 historiae
999 3105 1295 3206 compilatorem,
1317 3119 1352 3168 ¹¹¹
1416 3139 1417 3144 ¹

265 3219 343 3368 qua
367 3200 484 3277 multo
508 3204 657 3307 quidem
683 3204 884 3297 levissima,
909 3202 1089 3279 nonnulla
1114 3207 1240 3278 tamen
1265 3195 1352 3276 satis

295 3320 392 3370 onae
416 3297 554 3400 frugis.
600 3303 808 3377 Plurimum
834 3305 960 3377 autem
987 3299 1168 3376 dehemus
1194 3293 1350 3374 scholio·

264 3416 349 3466 rum
374 3397 413 3469 et
437 3395 648 3474 lexicorum
673 3398 937 3499 scriptoribus,
964 3425 1123 3502 quorum
1147 3398 1201 3472 illi
1227 3419 1276 3471 ex
1294 3415 1349 3463 ve·

264 3488 385 3565 terum
439 3499 742 3572 remmaticorum
769 3500 1047 3572 commentariis
1079 3485 1350 3595 excerpserunt

261 3519 676 3767 elenchum:
691 3587 1348 3767 th“hlittzhttlss‘ll

262 3783 433 3877 storicis,
467 3792 709 3891 antiquariis,
735 3719 943 3865 secusrldum‘
965 3717 1091 3864 ’rehum
1117 3797 1183 3863 aut
1206 3741 1346 3898 litlerq·

259 3903 343 3956 rum
375 3883 546 3962 ordinem
578 3891 858 3989 exposuerunt,
889 3886 1019 3990 quales
1053 3889 1142 3961 sunt
1171 3885 1347 3984 imprimis

261 4043 457 4060 *n—

331 4139 381 4208 19)
399 4147 437 4200 A·
455 4149 676 4220 Westermann,
695 4149 869 4206 Gesolnichte
888 4151 939 4208 der
960 4148 1160 4220 griechischen
1177 4141 1343 4202 Beredsam·

258 4213 327 4274 lete.
363 4217 461 4292 Leipz·
481 4221 559 4276 1833.
579 4222 604 4278 8.

256 4322 492 4452 Affiwlhllll'
509 4329 540 4382 ¹¹¹
558 4328 647 4402 ¹¹08&-
665 4333 741 4402 Ait,
758 4336 788 4386 et
805 4333 896 4404 magis
914 4333 1000 4388 etiam
1008 4331 1139 4386 Meus-sio
1157 4330 1189 4383 in
1208 4315 1343 4380 Themide

319 4415 362 4454 oa.
