2806 5080
176 386 262 461 III·
303 387 363 458 Dc
388 383 502 460 relus
518 387 686 486 pullenti
709 392 752 464 tia
776 392 1005 465 ammaum.
1091 393 1140 466 87

56 567 201 642 titudine
226 571 528 666 praestantiores
553 573 628 642 sint
643 571 693 666 ¹),
718 569 849 646 harum
876 599 1000 646 rerum
1025 573 1137 650 alteri

55 671 84 738 ia
107 663 331 767 quibusdam
357 665 581 759 civitatibus,
607 693 764 768 quarum
790 695 883 768 opes
901 675 1136 769 potissimum

55 787 223 861 agrorum
244 761 556 932 possessionibus
574 763 850 860 consistebant,
877 795 923 842 eo
943 773 1135 866 provisum

56 871 137 953 erat,
164 887 240 962 quo
295 885 426 934 venum
452 859 533 933 dari
558 865 624 936 aut
648 861 775 964 aliquo
792 864 905 939 modo
929 863 1136 941 abalienari

53 962 268 1057 patrimonia
292 983 368 1030 uon
384 956 524 1032 licebat
537 959 590 1054 ²),
617 957 741 1034 altera
758 969 882 1036 autem
894 964 1004 1036 nimis
1019 989 1134 1063 saepe

53 1054 325 1154 negligebatur.
376 1057 472 1130 Nam
524 1053 600 1130 uod
622 1083 737 1133 unum
764 1055 836 1132 hue
861 1063 1022 1134 maxime
1046 1086 1133 1159 per·

53 1156 147 1245 huet,
175 1151 394 1252 disciplinae
418 1079 594 1253 publicae
621 1180 712 1228 cura
726 1156 777 1250 ³),
811 1154 903 1230 haec
935 1160 1001 1230 aut
1031 1156 1133 1232 nulla

53 1256 136 1339 erat,
164 1253 230 1322 ant
255 1275 331 1321 non
357 1250 478 1352 qualis
505 1275 591 1324 ease
617 1247 842 1348 debehatl).
894 1253 1133 1354 Quamquam

51 1351 261 1436 παιδονόμους
302 1350 339 1419 in
384 1346 507 1421 multis
544 1347 759 1450 civitatibus
795 1349 913 1424 fuisse
952 1357 1135 1446 norimus,

53 1451 102 1544 qui
136 1467 360 1544 puerorum,
394 1450 655 1534 γυναικονόμους,
697 1451 761 1547 qui
793 1446 988 1522 mulierum
1022 1453 1136 1523 vitam

49 1545 272 1642 inspicerent
304 1565 349 1613 ac
384 1543 633 1641 regerent⁵):
670 1541 717 1618 tle
751 1542 974 1620 educatione
1010 1547 1136 1622 lamen
1195 1614 1197 1618 .

1 1697 2 1712 a
49 1663 245 1738 puerorum
270 1647 381 1740 atque
406 1641 641 1714 institutione
668 1646 881 1716 accuratius
914 1640 1013 1742 apud
1041 1647 1135 1718 Cro·

50 1747 168 1810 tenses
202 1734 461 1810 tantummodo
501 1746 539 1811 et
576 1737 791 1836 Spartanos
831 1749 980 1815 cautum
1018 1738 1135 1817 luisse

49 1835 188 1910 ridetur
202 1835 255 1932 ⁶),
294 1861 315 1906 a
346 1833 394 1908 ml
436 1859 532 1936 quos
572 1839 687 1908 etiam
725 1834 842 1908 virilis
883 1840 1020 1911 aetatis
1059 1864 1138 1912 mo·

48 1960 101 2007 res
142 1860 454 2006 custodiehaatur
502 1929 549 2006 ab
592 1930 779 2032 Ephous,
825 1933 1136 2036 quemadmodum

49 2031 200 2104 Athenis
239 2028 328 2102 olim
366 2027 414 2102 ah
444 2032 671 2128 Areopago,
721 2029 867 2106 Romae
905 2058 928 2105 a
967 2036 1136 2106 censori·

50 2127 127 2202 hus.
180 2129 360 2201 Ceterum
387 2127 458 2201 hoc
486 2125 648 2200 duhitari
673 2155 748 2200 non
773 2131 912 2226 potest,
938 2132 1027 2230 quin
1052 2127 1136 2202 uhi·
1170 2131 1173 2140 ’

1 2275 13 2324 ‘.
51 2253 112 2326 quo
153 2249 284 2298 eorum
322 2228 384 2328 qui
424 2227 670 2322 magistratus
708 2230 821 2326 atque
861 2226 1027 2301 honores
1073 2253 1136 2299 ca·

50 2327 144 2422 pluri
190 2323 319 2416 erant,
361 2323 534 2412 δοκιμασία
569 2321 752 2424 quaedam
791 2327 965 2398 instituta
1011 2321 1136 2406 suerit,

1 2439 2 2474 t
52 2447 140 2522 quoe
174 2424 286 2494 etiam
317 2445 443 2496 mores
469 2423 507 2494 et
533 2425 632 2494 vitae
657 2441 781 2519 genus
815 2425 1067 2515 examinaret,
1100 2429 1138 2496 et
1264 2501 1266 2514 ,

53 2522 107 2619 qui
134 2516 279 2617 indigni
303 2523 464 2620 propter
489 2515 632 2618 flagitia
659 2520 725 2590 aaut
744 2515 882 2592 delicta
903 2517 1136 2613 riderentur,

53 2615 277 2690 excluderet.
327 2617 450 2717 Atque
477 2615 574 2715 aputl
602 2614 810 2690 Thebanos
827 2613 1030 2718 aliquando
1047 2642 1135 2689 san·
1192 2613 1204 2637 ⁸

52 2719 157 2789 citum
183 2717 277 2802 erat,
303 2737 350 2787 ne
376 2717 459 2832 quia
485 2713 652 2787 honores
678 2718 844 2884 caperet,
874 2716 947 2786 nisi
980 2717 1043 2814 qui
1067 2738 1137 2813 per

52 2807 594 2912 ‹laecaniuml'orensrquaestu
620 2819 657 2885 et
682 2815 717 2884 vi
731 2810 817 2886 ihus
843 2809 1003 2912 opificiis
1020 2807 1136 2887 absti-

117 3015 145 3087 r)
165 3017 211 3073 ct'.
231 3014 256 3090 ς.
276 3019 305 3074 ο.

114 3124 144 3195 2)
163 3127 406 3194 aristot.11‚t,t.
417 3127 543 3194 v1.a‚⁵.
558 3153 588 3168 -
608 3125 688 3178 ldcm
698 3125 735 3190 ll,
746 3124 800 3192 t,3
819 3125 905 3176 etiam
923 3115 959 3176 tle
971 3119 1136 3176 definiendo

52 3196 198 3252 liberorum
217 3217 338 3254 numero
356 3199 492 3271 loquitur,
511 3217 548 3251 ae
566 3197 651 3252 nimia
669 3195 776 3248 multae
795 3213 829 3246 aa
847 3195 974 3248 minutae
991 3192 1063 3248 fiant
1086 3211 1137 3264 pa·

53 3273 243 3324 trimanioruna
262 3278 375 3344 partera
394 3270 447 3325 aad
464 3269 578 3340 legibue
592 3285 686 3339 nequa
704 3265 759 3320 han
777 3263 813 3318 tle
831 3285 864 3319 re
882 3274 996 3319 cautum
1015 3281 1137 3338 usquam

55 3339 134 3398 luiaaa
151 3343 278 3410 videtur,
302 3361 397 3420 nequa
420 3350 454 3398 ut
475 3343 731 3416 primogenitorum
755 3345 865 3391 tantum
884 3335 1030 3392 hereditas
1050 3343 1136 3401 aaaat,

57 3416 169 3468 exclusis
193 3413 363 3470 minoribus.
398 3417 443 3470 De
468 3419 676 3488 Spartanorum
699 3411 832 3464 instituto
857 3409 908 3463 vicl
936 3411 969 3463 P.
989 3411 1044 3474 ΙΙΙ,
1070 3403 1135 3482 15.

58 3485 79 3550 Ι,
94 3487 117 3544 9.
152 3486 214 3540 Setl
234 3505 378 3560 exponere
403 3486 511 3540 liberos
535 3485 572 3538 arl
595 3483 742 3538 vitandam
767 3484 1007 3554 patrimoniorum
1031 3481 1137 3534 ‹littra-

57 3560 171 3612 otioaem
196 3559 304 3630 atique
327 3558 436 3617 licitum
460 3559 551 3613 luiaaa
569 3557 684 3611 ridetur
702 3563 902 3628 praeterquam
922 3553 1042 3610 Thebis.
1078 3555 1136 3606 Aa·

55 3625 115 3683 liunt
134 3632 173 3685 v·
193 3632 231 3684 H·
250 3631 290 3700 ΙΙ,
309 3630 336 3686 ⁷·

110 3735 140 3807 3)
157 3739 281 3812 Aricini·
302 3737 385 3807 vul,
404 3738 429 3806 1,
450 3736 478 3796 l.

118 3842 147 3912 ι)
166 3843 210 3898 ra.
229 3843 269 3898 a.
289 3851 319 3898 a
336 3843 376 3912 v,
394 3843 421 3914 r,
438 3843 456 3898 s
475 3848 504 3896 a
521 3844 564 3895 aa.
590 3811 722 3911 arnapa.
740 3839 849 3909 cymp.
867 3837 890 3900 1.
908 3837 941 3903 a,
952 3837 978 3888 a.
1013 3831 1058 3888 or.
1077 3833 1136 3886 ne.

58 3913 186 3982 gawiarh,
210 3913 248 3968 oh
273 3916 321 3970 hei
347 3915 403 3970 den
421 3913 510 3970 Alton
529 3911 638 3968 affautl·
654 3907 821 3977 Eraiehuag
835 3926 903 3962 war.
940 3904 1039 3962 Alton.
1058 3905 1137 3960 1811.

58 3982 84 4036 8.
109 3987 223 4058 Koenig
242 3987 278 4042 tle
296 3987 413 4060 publicu
431 3987 610 4055 educatione,
628 3987 660 4040 in
678 3979 828 4056 Opuaoull.
844 4000 871 4054 p.
886 3979 921 4035 66
939 3997 982 4050 aq.
1002 3983 1032 4030 at
1048 3975 1083 4034 81
1093 3995 1136 4050 aq.

121 4093 150 4163 h)
169 4097 289 4150 Aristot.
309 4097 365 4166 lV,
385 4095 428 4164 la,
446 4094 473 4149 9.
508 4095 536 4146 V
541 4094 563 4161 l,
582 4093 608 4160 5,
628 4093 671 4146 13.

122 4199 152 4272 t)
172 4202 352 4258 Charondam
377 4209 474 4255 tamon
502 4199 623 4254 Diodor.
647 4198 723 4262 xtl,
755 4195 788 4248 12
811 4192 942 4246 aanxiaae
966 4189 1066 4244 scribit
1087 4188 1138 4244 atr

58 4273 156 4328 aotam
169 4272 223 4334 wic
237 4269 304 4333 eicit
319 4271 437 4331 ἅπαντας
458 4273 609 4344 μανθάνειν
632 4269 778 4344 γράμμοιιο
798 4262 955 4338 χορηγούσης
974 4262 1017 4330 rit
1044 4263 1139 4316 πόλεως

58 4338 107 4400 ult
120 4343 224 4416 μοθιύς
238 4349 289 4406 τοῖς
304 4344 473 4402 διδασκάλοις.
