2814 5080
160 369 162 378 -
282 329 356 404 am
480 328 544 406 rr.
568 329 628 402 m
651 327 842 402 emortuo
865 329 963 404 aris
983 301 1197 425 geatam*

280 535 438 612 rumque
463 509 710 598 sanctitatem,
736 511 1043 585 commerciorum
1077 515 1176 590 iuter
1194 519 1332 685 pacatos

277 612 457 682 maiorem
488 605 750 707 frequentiam,
782 610 900 680 tutum
935 611 1047 682 etiam
1082 615 1235 711 singnis
1255 620 1333 690 inter

277 704 421 778 alienos
454 705 711 794 commeatum,
746 699 932 777 bellorum
970 703 1129 808 denique
1168 715 1332 786 soevitiam

274 805 369 876 iuris
395 810 432 876 et
456 800 654 896 roligionis
679 798 1235 902 observationotemperatam.
1279 811 1331 882 llis

272 902 385 974 initiis
412 925 486 974 non
512 923 657 994 paucae
703 893 906 970 recedente
927 905 1097 998 tempore
1117 911 1333 978 accesserunt

272 999 365 1068 iuris
390 998 558 1094 gentium
584 923 754 1091 regulae,
780 995 846 1064 aut
869 995 1109 1090 pactionibus
1121 997 1332 1075 l'ocderibus-

272 1118 344 1192 quc
369 1096 468 1166 inter
491 1091 621 1190 plures
654 1088 825 1163 civitates
857 1095 1099 1186 constitutae,
1131 1122 1196 1170 eas
1228 1102 1333 1196 impri-

268 1194 358 1280 mis,
376 1185 511 1288 quibus
537 1190 665 1284 stirpis
700 1187 766 1256 aut
802 1211 996 1262 sacrorum
1033 1198 1238 1268 communio
1261 1221 1333 1293 pro·

267 1290 411 1385 piorem
437 1288 535 1357 inter
559 1309 601 1356 se
628 1307 736 1383 quam
771 1309 853 1356 cum
886 1289 1023 1360 ceteris
1055 1293 1333 1365 coniunctionem

268 1383 435 1474 fecisset,
460 1388 525 1454 aut
550 1383 661 1454 etiam
687 1376 735 1452 ab
763 1377 935 1455 omnibus
948 1385 1064 1456 tacito
1079 1385 1239 1485 quodam
1263 1415 1334 1462 cou-

267 1505 382 1553 seusu
417 1480 609 1576 receptae,
645 1502 716 1550 nco
753 1476 836 1551 sere
871 1479 1087 1581 neglectae,
1125 1487 1199 1558 nisi
1240 1511 1333 1586 quom

266 1574 437 1650 odiorum
471 1571 660 1649 acerbitas
700 1581 766 1646 aut
797 1599 956 1671 maguae
975 1577 1150 1653 alicuius
1182 1583 1333 1656 utilitatis

265 1699 355 1769 spes
379 1671 464 1772 plus
489 1698 599 1772 quam
624 1674 715 1746 iuris
741 1697 786 1743 ac
806 1675 962 1768 'pictatis
987 1678 1087 1748 ratio
1114 1677 1281 1754 valerent
1292 1679 1331 1773 ⁴).

261 1770 368 1844 Haec
394 1775 482 1844 suut
496 1769 560 1844 illa
582 1772 673 1840 κοινὰ
695 1776 762 1836 τῶν
778 1771 939 1858 Ἑλλήνων
959 1776 1089 1860 νόμιμα,
1112 1779 1205 1844 κοινὰ
1228 1781 1331 1854 δίκαια,

263 1893 422 1969 quorum
463 1869 604 1965 passim
646 1861 745 1961 apud
794 1868 1002 1961 scriptores
1049 1872 1188 1940 mentio
1237 1869 1278 1945 lit
1294 1874 1331 1961 ⁵),

260 1969 421 2065 suntque
448 1967 572 2038 omnia
597 1988 646 2036 ex
672 1963 830 2052 ἀγράφων
851 1967 960 2049 νόμων
980 1988 1244 2065 generc,quos
1268 1993 1330 2040 noo

260 2059 309 2135 ab
336 2061 486 2136 homine
512 2059 638 2160 aliquo
665 2057 733 2132 sed
759 2085 782 2130 a
807 2057 864 2132 dis
880 2059 990 2132 clatos
1004 2061 1050 2154 ⁶),
1065 2087 1187 2160 nequo
1212 2063 1331 2140 adver.

258 2185 324 2234 sus
350 2161 519 2234 Graecos
544 2156 678 2248 solum,
704 2155 771 2228 sed
796 2155 1046 2254 utplurimum
1072 2162 1184 2232 etiam
1211 2162 1330 2240 adver·

179 2273 181 2281 ’
257 2281 322 2331 sus
346 2253 535 2331 barbaros
562 2251 824 2331 observandos
850 2279 935 2330 osso
961 2253 1192 2332 statuebant.

748 2452 779 2522 t·
804 2441 854 2514 ll.

351 2577 407 2650 Ac
440 2577 599 2675 primum
636 2573 784 2676 quidem
817 2597 921 2647 arma
954 2571 1085 2646 alteris
1124 2572 1267 2650 inferre
1298 2576 1329 2649 et

251 2669 391 2748 hellum
435 2676 628 2772 suscipere
674 2697 750 2746 non
792 2669 997 2774 putabatur
1027 2669 1098 2748 ¹las
1141 2698 1230 2748 esse
1266 2678 1327 2748 nisi

249 2773 409 2872 propter·
432 2775 604 2844 iniuriam
630 2768 804 2870 aliquam,
844 2768 889 2842 de
922 2792 995 2865 qua
1027 2768 1080 2840 illi
1114 2771 1327 2846 satisfacere

248 2868 459 2943 noluissent
474 2872 517 2962 ¹).
567 2871 665 2942 Ante
696 2870 812 2966 igitur
844 2891 953 2967 quam
987 2864 1035 2938 od
1068 2891 1173 2938 arma
1205 2870 1326 2957 iretur,
1362 2925 1365 2932 .

249 3047 446 3058 —--—---

316 3144 347 3213 d)
363 3147 398 3202 ld
421 3149 510 3202 nimio
534 3148 649 3220 saepius
674 3141 813 3200 accidisse
828 3141 1086 3217 historicorumqne
1114 3143 1208 3202 libros
1229 3149 1322 3223 plenos

244 3237 308 3274 erre
332 3219 525 3290 exemplorum
548 3219 673 3290 neglecti
697 3236 714 3269 o
738 3218 856 3270 Graecis
877 3217 948 3270 iuris
970 3222 1111 3286 gentium,
1133 3221 1198 3290 quin
1224 3241 1323 3290 negare

243 3291 339 3344 ausit?
376 3291 435 3344 Sed
454 3293 632 3359 incognitum
652 3291 687 3343 iis
713 3291 758 3342 ius
785 3288 875 3342 luisse
903 3289 1043 3342 eiusmodi
1070 3291 1184 3344 iniuriis
1211 3294 1321 3348 demon.

240 3365 326 3418 strari
344 3362 477 3435 proiecto
496 3382 554 3416 uon
572 3371 677 3436 potest.

311 3467 397 3534 5)13.
416 3489 440 3523 c.
461 3490 503 3542 ep,
523 3469 655 3541 Thucyd.
673 3468 726 3533 Ill,
751 3468 786 3523 59
803 3470 843 3521 iu.
866 3467 988 3522 Diodor.
1012 3469 1098 3535 XVI,
1115 3469 1159 3524 25.
1177 3471 1320 3528 Plutarch.

239 3542 341 3598 Porioi:
362 3561 387 3595 c.
406 3543 449 3596 29.
471 3540 511 3596 Tei
530 3543 632 3615 νόμιμα
649 3540 700 3597 τῶν
715 3540 842 3608 Ἑλλήνων
860 3540 954 3598 Thoe.
971 3541 1025 3610 IV,
1042 3541 1087 3595 97.

310 3648 342 3718 o)
360 3647 493 3722 Xenoph.
510 3651 628 3704 Memor.
646 3651 700 3702 w.
718 3648 745 3716 d,
764 3646 809 3704 19.

306 3755 338 3823 l)
360 3758 445 3822 Quod
466 3755 805 3827 rrarouegg·1p·sas
828 3753 861 3808 0.
886 3755 1009 3810 Oliuicm
1032 3758 1199 3812 cretensem
1226 3758 1318 3812 dicen·

236 3837 295 3886 tem
313 3831 391 3897 lacit,
404 3831 513 3900 πόλεμος
527 3828 570 3884 ciel
584 3830 649 3883 πᾶσι
665 3825 709 3881 dmi
727 3831 783 3896 ,lieo
792 3827 895 3949 lWJ‘lf
910 3828 958 3882 ton
975 3825 1038 3900 πρὸς
1055 3827 1161 3886 dodras
1176 3828 1222 3887 τὰς
1231 3833 1314 3893 πόλεις,

234 3921 295 3956 nou
315 3921 352 3956 ex
370 3906 511 3955 communi
531 3904 705 3956 Graecorum
725 3917 812 3953 seusu
853 3905 938 3953 ictum
966 3919 1029 3953 csse
1052 3905 1112 3972 ipse
1134 3906 1204 3955 satis
1224 3911 1314 3956 osteu-

236 3975 286 4030 dit.
322 3976 403 4027 Etsi
425 3974 525 4026 eodem
543 3977 623 4036 ξένων
641 3971 783 4026 vocabulo
803 3990 820 4023 a
838 3973 987 4043 Spartanis
1007 3973 1169 4044 perduelles
1189 3983 1219 4028 et
1238 3993 1313 4045 pere·

234 4048 310 4116 grini
330 4046 553 4115 designabantur
573 4046 727 4114 (llerodot.
746 4045 800 4105 lx,
822 4045 863 4106 ll,
882 4045 961 4097 Plut.
980 4048 1067 4098 Arist.
1089 4064 1112 4098 o.
1134 4045 1191 4114 10),
1216 4046 1311 4099 itidem

160 4153 163 4158 n
232 4125 266 4170 ut
283 4116 434 4171 hostiurn
454 4121 570 4174 nomine
588 4138 605 4170 a
624 4116 770 4171 veteribus
786 4117 935 4183 Romanis,
954 4123 1033 4169 recte
1050 4116 1080 4168 id
1100 4135 1162 4170 oum
1174 4119 1311 4171 Cicerone

146 4188 149 4194 ’
233 4187 269 4242 de
289 4189 363 4242 ollio.
384 4191 407 4259 l,
429 4191 467 4244 12·
479 4193 660 4262 interpretari
678 4187 755 4256 licet,
783 4195 816 4239 ur
842 4195 884 4240 rei
912 4191 1056 4242 tristitiam
1085 4189 1167 4242 verbi
1193 4189 1310 4241 leuitate

231 4265 388 4329 mitigatam
408 4262 542 4315 dicamus.
577 4261 708 4315 Fuerunt
726 4263 811 4314 etiam
832 4264 880 4334 qui
897 4260 992 4332 ἐχθροῦ
1008 4259 1180 4314 vocabulum
1198 4262 1310 4332 proprio

229 4332 304 4388 uilril
321 4333 400 4389 uliud
417 4333 473 4388 uiri
493 4339 715 4401 extraneum,
732 4336 963 4406 peregrinum
980 4332 1308 4404 signiticarecredcreut,
