2806 5080
292 381 365 453 102
425 379 511 456 III.
546 380 605 454 De
630 377 741 451 reduc
760 373 925 477 politicis
949 377 992 450 in
1015 382 1240 453 ureecersom.

294 589 417 664 neqne
443 556 492 634 ab
519 563 689 636 externis
715 561 754 632 et
779 561 834 631 rei
858 556 1035 657 publicae
1070 557 1242 635 hostibus
1270 567 1362 636 auxi-

295 659 347 735 lia
371 663 503 760 petere
530 656 818 750 dubitabam).

719 875 753 954 q.
779 859 964 934 XXVIII.
1022 960 1027 967 ⁵

396 993 504 1068 Talis
531 997 568 1066 in
594 991 777 1094 pleraque
804 993 967 1066 Graecia
998 990 1082 1066 lieri
1113 993 1239 1092 eoepit
1261 1018 1369 1067 rerum

297 1096 419 1167 status
444 1090 531 1165 inde
557 1117 578 1163 a
604 1088 705 1164 bello
735 1089 1078 1189 Peloponnesiaco,
1112 1117 1186 1190 quo
1218 1095 1257 1164 in
1286 1087 1369 1162 bello

299 1197 360 1293 qui
391 1187 531 1288 ubique
562 1186 686 1288 plebis
716 1189 878 1287 partium
918 1194 1045 1279 erent,
1083 1183 1370 1280 Atheniensibus,

299 1293 360 1388 qni
388 1288 636 1384 optimatium,
669 1285 872 1386 Spartanis
899 1311 940 1357 se
966 1281 1225 1383 adiungebant
1240 1286 1289 1382 ¹),
1319 1311 1371 1356 ra·

207 1435 209 1440 .
298 1389 430 1484 rinquc
457 1385 616 1456 victoria
641 1385 740 1454 inter
766 1385 949 1482 utrosque
976 1389 1155 1466 certatum
1172 1385 1243 1473 est,
1269 1381 1372 1454 donec

300 1481 594 1580 aliquantisper,
628 1478 783 1551 devictis
815 1505 837 1549 a
863 1476 1065 1575 Lysandro
1084 1476 1374 1570 Atheniensibus,

301 1581 532 1676 optimatium
566 1580 603 1648 in
638 1575 829 1676 plerisque
863 1575 1079 1648 civitatibus
1109 1579 1302 1676 imperium
1326 1601 1373 1647 re·

301 1679 470 1748 stitutum
497 1676 566 1764 est,
591 1678 714 1745 minus
740 1681 865 1746 tamen
891 1671 981 1746 illud
1007 1699 1077 1773 pro
1103 1677 1282 1773 portione
1306 1697 1375 1744 ceu·

300 1798 408 1846 suarm
435 1777 473 1844 et
498 1769 692 1866 dignitatis
718 1767 943 1860 ordinatum,
997 1797 1078 1844 uam
1098 1767 1376 1843 exsectiooibus

301 1873 340 1942 et
365 1865 555 1964 Lysandri
580 1869 708 1966 gratia
734 1869 772 1940 et
796 1797 1015 1966 arbilrioll.
1055 1869 1186 1968 ltaque
1215 1867 1274 1940 hic
1300 1892 1377 1967 quo·

301 1992 372 2066 que
401 1963 496 2038 lraud
524 1963 722 2038 diuturnus
748 1961 819 2036 suit
843 1991 967 2038 rerum
994 1971 1127 2058 status,
1154 1990 1268 2064 quum
1282 1989 1376 2063 prae·

301 2067 430 2136 sertim
462 2087 584 2163 neque
617 2065 679 2163 qui
711 2065 880 2134 vicerant
921 2065 1078 2136 victoria
1115 2061 1290 2136 modeste
1324 2063 1379 2150 uti,

301 2187 370 2232 nec
410 2163 473 2260 qui
509 2164 595 2232 victi
632 2161 741 2230 erant
777 2163 972 2259 quiescere
1011 2161 1232 2257 possent3).
1296 2161 1377 2231 Mox

300 2260 419 2356 igitur
444 2282 576 2328 rursus
603 2254 722 2328 turbis
750 2259 874 2328 omnia
906 2261 944 2328 et
979 2254 1231 2329 seditionibus
1272 2255 1380 2355 plena,

303 2352 501 2441 caedibus,
529 2355 691 2452 rapinis,
724 2357 825 2424 omni
858 2355 1075 2426 iniuriarum
1101 2378 1249 2448 genere
1276 2355 1380 2430 saevi·

301 2453 399 2543 tum,
425 2447 514 2521 nihil
540 2477 616 2522 non
644 2449 758 2522 licere
784 2454 926 2542 visum,
959 2475 1033 2550 quo
1065 2449 1295 2525 adversarIis
1325 2475 1381 2521 no·

303 2551 464 2636 ceretur,
492 2545 692 2619 dummodo
720 2546 778 2619 his
804 2537 1021 2646 superiores
1051 2545 1251 2646 fierentl).
1299 2549 1381 2620 Hinc

304 2645 455 2717 exulum
481 2643 622 2745 ubique
652 2669 789 2742 magna
814 2643 1013 2718 multitudo
1029 2645 1081 2744 ⁵):
1107 2649 1257 2744 recepti
1280 2649 1318 2718 io
1341 2646 1382 2714 ci·

302 2745 455 2814 vitatem
483 2740 650 2814 homines
676 2739 839 2814 libertini
866 2745 905 2816 et
920 2745 1126 2840 peregrini,
1153 2766 1382 2842 quorumna-

303 2863 408 2911 mero
435 2839 552 2913 adiuel
587 2835 730 2911 risibus
761 2843 891 2912 invisis
924 2837 1070 2912 facilius
1103 2839 1382 2934 resisterent⁶):

303 2941 526 3010 mercenarii
551 2936 687 3008 milites
720 2935 913 3025 conducti,
951 2962 1107 3036 quorum
1138 2940 1317 3036 ingentes
1346 2958 1382 3006 eo

302 3039 474 3134 ternpore
500 3061 569 3133 per
594 3058 741 3106 omnem
768 3035 968 3106 Graeciam
993 3037 1147 3133 copiae,
1179 3061 1235 3108 ex
1266 3030 1383 3134 prolu-

303 3176 493 3194 m

374 3238 407 3313 9)
425 3241 501 3294 PIst.
522 3241 557 3294 de
575 3261 608 3294 re
626 3239 705 3314 publ.
725 3242 798 3309 VIII,
816 3261 843 3314 p.
861 3241 915 3296 ⁵56
933 3242 969 3296 ll.

377 3349 407 3411 1)
428 3347 560 3419 Thucyd·
579 3349 633 3417 III,
652 3349 695 3404 82.
716 3347 762 3403 cf.
782 3345 987 3402 wechrmuah.
1004 3347 1029 3414 Ι,
1047 3349 1065 3402 2
1082 3368 1110 3422 p.
1130 3349 1192 3404 12⁴.

380 3449 410 3523 2)
421 3453 579 3507 „I’Iutarcu
597 3455 725 3526 Lyceud,
746 3475 770 3509 e.
790 3425 844 3510 13(

375 3557 408 3631 3)
429 3560 474 3616 Cf.
493 3563 575 3633 impr.
595 3561 798 3615 Waclumulh.
818 3561 838 3615 l·
856 3561 876 3619 l.
895 3582 923 3634 p.
942 3561 994 3616 245
1013 3567 1043 3615 et
1060 3561 1114 3617 298
1131 3581 1193 3635 sqq.

377 3663 409 3736 I)
429 3669 494 3721 Huc
512 3671 637 3739 pertinet
661 3669 737 3742 quod
763 3669 933 3722 Aristoteles
957 3667 1046 3721 refert
1068 3667 1156 3722 Polit.
1177 3673 1215 3738 V,
1237 3673 1264 3735 7,
1291 3671 1337 3725 192
1352 3665 1387 3721 ria

303 3737 355 3811 μὲν
371 3738 426 3813 γὰρ
443 3742 471 3793 ἐν
488 3742 567 3798 ἐνίαις
584 3736 773 3814 (ὀλιγαρχίαις)
793 3741 930 3812 ὀμνύουσι·
955 3739 1053 3812 καὶτῷ
1070 3741 1145 3811 δήμῳ
1162 3743 1296 3800 κακόνους
1311 3745 1388 3812 tropa·

304 3810 351 3862 καὶ
374 3812 496 3879 βουλεύσω
519 3811 533 3865 ὅ
555 3817 579 3864 ’τι
602 3811 637 3865 ἄν
660 3815 711 3882 ἔχω
735 3815 824 3866 κακόν.
863 3811 949 3866 conl.
976 3811 1011 3864 de
1037 3815 1215 3880 Argivorum
1242 3808 1390 3880 σκυταλισμᾷ

304 3883 424 3934 Diodor.
442 3883 512 3948 XV,
531 3883 673 3937 {sa-med
694 3884 823 3956 plurimis
843 3887 903 3937 cius
926 3885 1040 3951 generis
1071 3881 1209 3956 exemplis
1242 3885 1330 3957 plena
1355 3887 1390 3933 est

304 3952 404 4006 horum
424 3963 583 4024 temporum
604 3954 723 4008 historia
742 3951 793 4024 (cl.
807 3954 1012 4008 Waclrsrnuth.
1027 3957 1066 4022 II,
1085 3956 1100 4007 l
1120 3976 1146 4028 p.
1166 3958 1222 4011 299
1234 3957 1348 4012 -307.I
1368 3959 1392 4018 ειζ

306 4043 379 4095 quae
399 4025 532 4095 'I'hueyd
551 4028 608 4094 ΙΙΙ,
632 4028 676 4083 82.
701 4029 737 4082 83
761 4028 798 4080 de
822 4047 877 4080 suo
900 4036 994 4080 notata
1017 4030 1220 4099 conqueritur,
1248 4029 1347 4082 eadem
1368 4029 1392 4075 et

305 4099 440 4165 graviora
459 4101 543 4151 etiam
561 4102 704 4171 posterior
722 4105 802 4152 aeter
818 4099 944 4153 ridebat.

378 4199 410 4273 5)
431 4204 475 4259 Cf.
494 4207 654 4258 Drumann.
673 4204 808 4260 versucia.
834 4208 915 4260 einer
939 4203 1044 4260 Gesch.
1070 4203 1120 4257 dea
1135 4183 1273 4260 ¹t'erl'alls
1300 4207 1327 4259 d.
1351 4203 1392 4255 Gr.

306 4274 428 4328 Staaten
447 4271 540 4345 (Berl.
562 4276 641 4330 1820.
659 4273 692 4344 Β)
711 4296 739 4349 p.
752 4277 914 4334 607-d32.
933 4275 1140 4331 Waclumuth.
1159 4275 1178 4329 l.
1196 4277 1218 4330 l.
1239 4299 1268 4351 p.
1278 4277 1333 4334 308
1340 4292 1392 4346 sqq·

378 4379 411 4451 6)
430 4383 551 4436 Aristot-
569 4384 624 4446 VI,
642 4385 669 4451 2,
688 4383 714 4438 a.
766 4407 774 4431 ι
