2814 5080
266 345 340 422 368
470 347 534 423 VI·
584 345 646 418 De
669 345 866 422 institutio
888 348 1192 443 stringentium.

264 525 462 604 admodum
501 523 672 602 diversus
712 531 770 602 est
808 527 1034 623 ἀνδροληψίας
1067 555 1097 599 s.
1119 533 1335 627 ’ἄνδρολοψίοο

180 659 184 666 ·
263 653 359 716 mos,
385 623 433 746 ad
459 621 715 745 uicisoendpm
741 619 896 742 praedem
922 626 1013 742 civis
1045 626 1085 697 in
1109 624 1230 745 atiena
1251 624 1335 700 urbe

264 718 1338 936 ti..¹‘.¹t'¹⁶...¹¹.2¹‘¹:..⁰¹t{.tti'tttituitttt”itit

265 918 427 1014 sansoni,
450 912 590 990 licebat
622 913 680 988 bis
706 909 928 988 exitiorum
954 918 1102 992 civitate
1139 924 1231 1008 tres,
1256 943 1340 1016 quos

262 1013 446 1112 possent,
465 1038 602 1183 capere
640 1013 680 1086 et
710 1014 749 1084 in
782 1010 939 1084 vinculis
973 1010 1074 1110 apud
1104 1040 1147 1087 se
1173 1018 1338 1106 retinere,

265 1109 385 1184 donee
412 1114 477 1183 aut
528 1108 630 1184 edito
655 1105 902 1183 interfectore
933 1113 1000 1180 aut
1022 1110 1097 1184 alia
1127 1108 1267 1186 idonea
1288 1136 1340 1183 ra·

264 1211 368 1283 tione
395 1206 443 1284 de
468 1205 587 1283 caede
613 1205 846 1280 satisfactum
871 1201 1034 1303 rorem).

742 1369 778 1469 ο.
803 1373 874 1446 111.

363 1485 446 1566 Sed
472 1491 504 1562 si
531 1484 668 1562 bellum
692 1489 782 1586 geri
803 1485 1022 1586 placuisset,
1053 1483 1091 1559 id
1115 1484 1344 1564 indicendum

266 1585 494 1662 adversariis
520 1587 603 1660 orat
618 1586 649 1682 ¹)
677 1609 746 1682 per
771 1582 1057 1676 caduceatores,
1083 1609 1244 1683 quorum
1270 1612 1344 1659 san·

266 1690 328 1758 eta
352 1679 452 1782 apud
478 1709 609 1758 omnes
634 1679 890 1780 inviolataque
915 1706 1083 1779 persona
1106 1679 1274 1784 ideoque
1297 1689 1345 1755 tu-

264 1785 329 1858 tus
355 1785 467 1856 etiam
494 1780 542 1856 ad
569 1779 699 1853 bostes
724 1783 956 1852 commeatus
969 1779 1014 1869 2).
1052 1779 1172 1871 Raro,
1198 1806 1273 1856 ner
1297 1783 1345 1852 ni·

264 1882 299 1956 si
323 1883 362 1953 in
387 1904 531 1954 summa
556 1883 764 1952 animorum
789 1879 1096 1973 exasperatione,
1120 1873 1264 1952 bellum
1288 1902 1346 1976 ge-

263 1973 421 2052 rebatur
444 1977 627 2089 ᾱκήρονοον,
653 1972 690 2047 b.
717 1999 750 2047 o.
776 1997 901 2093 neque
923 1970 1102 2090 indictum
1119 1971 1300 2071 legitime,
1316 1976 1348 2048 et

262 2077 412 2246 {idib
430 2068 881 2259 ”t.?.‘.¹.¹.¹‚¹2t':t..‘.¹¹¹³¹3¹.⁰'¹¹
894 2071 1348 2268 §bittitssdtttt

263 2271 399 2368 priseis
434 2265 658 2363 praesertim
691 2259 939 2361 temporibus,
972 2261 1234 2340 leniendorum
1271 2264 1348 2340 beiti

264 2363 449 2438 malorum
476 2363 604 2433 variae
631 2365 802 2434 rationes
827 2358 1035 2434 inibantur:
1062 2387 1138 2462 quo
1162 2369 1349 2463 pertinent

262 2464 459 2562 pactiones
486 2459 533 2532 do
566 2455 823 2558 singularibus
860 2456 1127 2532 certaminibus
1144 2458 1180 2556 ⁴)
1218 2465 1287 2535 aut
1309 2461 1348 2535 de

229 2589 464 2620 ¹—n--

261 2665 391 2724 Boeolrb.
411 2685 473 2720 oso·
489 2684 514 2719 r.
532 2685 560 2738 p.
578 2667 614 2718 A.
633 2665 665 2718 11
681 2685 709 2738 p.
728 2665 790 2722 128.
801 2693 836 2708 -·
858 2666 940 2720 ldem
960 2670 1045 2722 etiem
1063 2667 1143 2722 balio
1162 2668 1277 2724 indicto
1295 2667 1349 2721 fieri

263 2740 380 2796 solitum
398 2741 449 2792 vix
472 2757 544 2810 opus
574 2745 618 2790 est
642 2755 767 2790 monere.
821 2739 881 2801 Qui
908 2747 1002 2792 autem
1032 2739 1088 2793 boo
1115 2740 1203 2794 modo
1234 2739 1348 2813 praedas

264 2819 353 2882 agunt
369 2810 514 2878 ληοηύοοσο,
532 2807 618 2874 λοιποὶ
635 2819 683 2861 aut
699 2807 819 2882 πειραταὶ
836 2816 886 2862 aut
900 2811 997 2868 utrina
1026 2812 1178 2880 dieantur,
1207 2813 1298 2866 duees
1316 2828 1346 2862 ue

263 2901 362 2939 eorum
381 2881 569 2956 ἀρχοπειροέταο,
588 2881 753 2953 ἄρχίνλοοπες.
771 2882 920 2935 Demostb.
937 2881 1060 2956 Pbilipp.
1079 2885 1094 2936 1
1112 2903 1140 2956 p.
1158 2883 1202 2938 46.
1231 2831 1345 2938 Diodor.

261 2955 328 3022 XX,
347 2955 391 3010 97.
427 2952 575 3007 Plutarch.
593 2955 674 3010 Arat.
698 2971 720 3005 ο.
745 2953 771 3007 6.
809 2953 897 3007 'i'aies
921 2971 984 3007 esse
1007 2957 1138 3022 arbitror,
1162 2957 1214 3030 qui
1240 2960 1272 3010 in
1289 2955 1346 3022 lege

218 3041 219 3050 ¹
262 3030 360 3084 Attica
379 3045 422 3097 ap.
444 3026 547 3078 Gaium
567 3024 601 3076 ad
620 3023 676 3092 leg·
695 3025 757 3077 xil
774 3025 852 3078 tobb.
872 3029 902 3078 in
925 3027 1037 3094 Discat.
1060 3028 1183 3096 XLVII,
1208 3029 1256 3096 22,
1280 3024 1348 3082 tint

261 3102 334 3154 istam
350 3097 481 3168 οἰχόμενοι
499 3096 640 3149 dicuntur.
679 3095 725 3149 cf.
747 3096 874 3151 Lobeoir.
897 3097 1040 3169 Aglaopb.
1063 3117 1092 3170 p.
1114 3100 1177 3154 ³0⁵.
1221 3099 1346 3153 Praedae

260 3169 438 3298 ddbboecdwd'
455 3166 732 3294 «ὗλαοὶῖἐθπαὶῶῡί.
748 3172 868 3239 Argum
886 3169 1034 3224 Demostb.
1061 3188 1104 3228 or.
1122 3172 1155 3224 in
1173 3171 1304 3224 Timum.
1320 3189 1344 3240 p.

316 3279 324 3296 .
380 3279 388 3296 .
428 3257 525 3294 soom
592 3259 620 3311 p.
693 3277 701 3296 .

331 3345 363 3416 3)
375 3345 449 3400 'vid
470 3347 557 3398 Petit.
576 3345 665 3416 begs.
683 3347 745 3400 Au.
763 3366 793 3420 p.
812 3347 874 3405 622.
894 3347 957 3402 623.
974 3345 1096 3402 Remsr.
1114 3368 1142 3421 p.
1164 3349 1231 3405 428.
1249 3351 1345 3405 Meier.

260 3421 346 3478 Proo.
363 3422 424 3474 Art
444 3437 472 3490 p.
491 3417 552 3472 278.
614 3429 616 3434 ’

335 3523 367 3592 l)
385 3523 506 3594 Πόλεμον
522 3523 710 3594 autopyrum.
730 3523 874 3578 Plutarch.
885 3525 989 3598 Pyrrh.
1009 3545 1033 3584 ο.
1051 3527 1095 3582 26.
1106 3529 1234 3583 Pansam.
1250 3530 1304 3596 IV,
1321 3527 1345 3592 5,

260 3601 287 3656 3.
323 3601 370 3652 De
388 3595 609 3650 Atheniensium
628 3595 752 3666 quodam
769 3615 849 3650 more
867 3601 934 3668 agni
951 3599 1122 3654 immittendi
1138 3601 1200 3655 vid.
1220 3598 1345 3672 nayda

261 3691 285 3726 ε.
304 3690 354 3725 vv.
373 3666 442 3743 ἄρνα
463 3674 492 3720 et
509 3665 661 3740 προβάλλειν
678 3686 743 3722 eum
761 3670 826 3723 iutt.

331 3775 362 3844 2)
382 3773 513 3828 Eustatb.
532 3773 569 3826 ad
587 3772 670 3827 iliad.
690 3774 706 3827 1
726 3793 751 3846 p.
771 3775 815 3828 83.
833 3776 958 3830 Peucon.
977 3777 1004 3845 1,
1026 3776 1070 3846 36,
1089 3777 1119 3832 3.
1155 3778 1199 3832 cf.
1219 3777 1344 3832 Waebs·

262 3847 351 3938 mutb.
369 3850 414 3936 ius
433 3851 522 3916 gentt.
544 3848 646 3900 Graes.
663 3866 690 3970 p.
708 3847 753 3899 45.
772 3847 849 3900 Hine
867 3846 970 3938 legptis
988 3867 1105 3921 quoque
1123 3849 1160 3902 ad
1171 3849 1270 3938 bootes
1283 3853 1342 3902 mir·

261 3940 301 3974 urs
321 3919 388 3972 addr
406 3917 609 3972 eaduceatoreu
627 3937 660 3971 so
674 3917 768 3978 ebant,
787 3927 836 3971 aut
853 3938 940 3973 venre
956 3919 1116 3989 legatorum
1139 3923 1340 3976 mrtteadorum

261 4000 347 4046 antea
364 4009 416 4063 per
433 3988 635 4067 eaduceatoros
647 3992 720 4062 peti·
741 3988 873 4061 Tbuoyd.
893 3993 918 4061 1,
937 3993 983 4047 33.
1001 3992 1172 4063 ΒοΙῙΜΥ,
1191 3995 1235 4059 72,
1253 3996 1280 4049 3.
1300 3990 1340 4048 Gi.

260 4061 410 4118 Demostb.
431 4063 467 4113 de
485 4061 506 4115 f.
524 4059 581 4130 leg.
602 4083 629 4136 p.
646 4061 709 4130 392,
730 4063 772 4115 13.

333 4168 362 4234 3)
381 4165 500 4240 Πόλεμος
516 4165 643 4226 ἄσπονδος
658 4167 714 4222 καὶ
732 4167 872 4244 diademas.
891 4171 936 4226 (ii.
953 4167 1089 4244 Xenopb.
1106 4167 1228 4234 fidellen.
1245 4171 1300 4238 vl,
1317 4171 1340 4236 4,

259 4243 304 4298 26.
322 4237 463 4294 Abresob.
483 4239 584 4294 diluoo.
602 4239 739 4312 Tbuoyd.
758 4243 866 4312 p.‘655.
903 4247 966 4298 Ast.
992 4243 1028 4297 ad
1051 4241 1127 4299 Plat.
1145 4243 1235 4314 Legg.
1253 4264 1283 4316 p.
1302 4243 1339 4295 14.

329 4348 360 4413 4)
377 4347 402 4402 E
422 4365 447 4405 ο.
465 4348 552 4404 Hom·
568 4346 652 4403 Iliad.
670 4350 723 4418 111,
742 4349 795 4404 276
813 4367 875 4424 sqq.
895 4352 962 4406 Hoo
978 4353 1038 4408 idos
1056 4369 1079 4406 n
1099 4348 1212 4407 aanor
1225 4351 1338 4408 uir‘Et-

1183 4567 1191 4603 Ι
