2822 5082
317 370 354 444 2
384 371 445 446 De
462 369 606 470 populi
626 368 880 445 dtoaiiom'bns.
1071 365 1145 442 203

67 557 191 632 serrati
227 552 370 647 (τεμένη)
409 551 633 648 tuoruum),
674 578 875 656 areamque
913 579 1145 636 communem

67 659 207 754 eiusque
233 650 518 748 dispensatores
544 652 693 740 (ταμίας)
707 653 759 744 3),
795 677 915 750 porro
948 657 1147 725 curatores

9 795 10 814 .
67 751 274 842 (ἐπιμελητάς)
299 749 356 820 vel
378 745 425 820 ad
442 750 689 820 communium
706 773 832 822 rerum
853 747 1147 822 administratio·
1252 805 1258 822 .

8 816 10 870 Ι
65 872 149 938 nem,
165 845 221 918 rel
232 841 471 962 adsentorum
489 842 734 944 ludorumque
752 843 970 918 solemnium
986 871 1147 944 appara-

8 1023 10 1144 t
66 938 1148 1137 illiti.litltl‘t‘ltittti{tilliaillidit

8 1147 10 1170 ¹
65 1161 325 1237 saepenumero
342 1133 473 1209 baberi
492 1134 705 1233 oportebat,
730 1140 767 1210 in
791 1133 929 1238 quibus
947 1139 1148 1234 magistra-

8 1181 10 1338 l
65 1239 118 1307 tos
136 1260 227 1307 suos
242 1235 430 1326 crearent,
444 1229 502 1305 vel
511 1233 612 1331 gesti
626 1237 790 1306 muneris
807 1236 974 1307 rationes
988 1259 1011 1306 a
1025 1237 1148 1332 magi-

8 1357 12 1434 )
66 1327 237 1404 stratibus
261 1329 431 1405 redditas
452 1335 733 1426 cognoscerent
745 1331 798 1422 ⁷),
823 1329 881 1404 vel
896 1329 956 1406 ‘de
983 1355 1149 1404 eommu-

65 1431 154 1501 nium
167 1425 354 1502 bonorum
377 1423 700 1500 administratione
724 1425 881 1528 aliisque
903 1432 1069 1526 negotiis
1087 1427 1150 1502 de·

67 1530 159 1600 creta
173 1527 399 1622 (ψηφίσμασα)
415 1521 587 1598 facerent
604 1525 653 1618 ⁸).
678 1523 731 1596 Et
747 1522 983 1622 publicorum
997 1549 1148 1630 quoque

10 1703 11 1708 ψ
69 1648 212 1794 tlt-2⁰¹¹:
229 1622 1020 1807 tlt‘tatttttttttt‘ff‘ttll¹¹⁰
1046 1627 1150 1794 ”ll

69 1745 381 1891 tdrbsumdndrum
397 1812 648 1916 publicorum,
675 1809 777 1885 velut
791 1747 964 1914 abonii,
985 1745 1149 1918 {pluend-

67 1911 207 2008 starchi,
232 1911 413 2012 epulones
440 1905 811 2002 uorninabantur²⁰):
838 1909 999 2012 denique
1035 1917 1148 1988 etiam

7 2055 11 2094 ς
68 2015 255 2085 senatores
285 2009 452 2083 fortasse
484 2011 522 2081 in
557 2003 749 2086 tribulium
784 2006 1032 2083 conventibus
1064 2036 1150 2084 sor-

66 2108 248 2184 tiebantur
261 2109 324 2202 ¹¹).
374 2107 629 2205 Magistratus
650 2111 773 2178 autem
793 2109 849 2180 roi
871 2103 1047 2206 publicae
1068 2134 1150 2204 eos,

72 2233 157 2308 quos
182 2204 356 2302 singulos
383 2231 404 2278 e
429 2199 590 2302 singulis
621 2199 794 2280 tribubus
824 2206 909 2304 rapi
940 2207 1150 2304 oporteret,

69 2303 189 2405 quales
215 2303 325 2376 erant
349 2302 521 2400 strategi,
546 2299 752 2394 taxiarelri,
784 2297 981 2400 phylarolri
1013 2301 1150 2405 aliique

6 2477 12 2492 Μ
68 2401 222 2501 plurimi,
249 2425 325 2472 non
350 2402 387 2472 in
414 2423 568 2472 suorum
595 2422 766 2498 quosque
792 2397 987 2472 tribulium
1012 2398 1078 2474 sed
1111 2405 1151 2474 in

67 2501 224 2574 universi
237 2495 370 2598 populi
383 2493 552 2570 conciliis
565 2498 687 2570 ereari
703 2502 995 2572 consentaneum
1007 2495 1150 2600 suissi).

70 2622 259 2638 -——

132 2667 164 2742 0)
183 2665 336 2742 Demostlr.
354 2669 385 2722 in
403 2667 525 2726 Macart.
543 2687 572 2740 p.
591 2663 662 2724 1069
680 2673 753 2722 extr.
860 2647 864 2666 ι
978 2712 981 2720 ,

10 2781 11 2836 ξ
130 2773 162 2848 9)
182 2780 271 2849 corp.
289 2777 379 2834 laser.
398 2793 447 2828 no.
468 2775 529 2836 104.
546 2774 575 2830 9.

131 2880 163 2953 4)
186 2882 261 2936 ibid.
278 2899 327 2940 no.
346 2882 409 2949 104,
428 2882 472 2938 10.
490 2883 553 2946 21³,
573 2881 617 2938 13.
637 2881 684 2937 (ll-
704 2881 741 2936 de
760 2885 868 2937 eomitt.
887 2902 917 2954 p·
933 2883 997 2939 369.
1016 2884 1079 2937 Hos
1095 2884 1152 2939 bra-

67 2953 165 3023 petptds
183 2955 351 3008 Herodotus
374 2955 414 3022 V,
437 2954 474 3008 99
496 2953 644 3028 φυλάρχους
664 2953 812 3027 appellare
844 2955 969 3009 videtur.
992 2957 1151 3014 Hermann.

69 3026 101 3080 de
117 3030 177 3081 iure
195 3030 324 3096 magistr.
342 3046 370 3099 p.
387 3027 434 3080 49.
453 3025 598 3080 Sobubert
616 3026 653 3078 de
671 3025 756 3080 aedil.
776 3046 802 3100 p.
821 3026 866 3082 39.

132 3135 160 3200 b)
177 3137 211 3190 In
230 3133 275 3186 bis
293 3134 505 3187 numeraverim
524 3131 666 3205 eutlrynoo
686 3151 758 3207 quos
769 3135 847 3188 sieut
859 3133 1005 3188 domorum
1017 3109 1151 3190 itaetiam

70 3205 185 3262 tribuum
204 3206 294 3260 luisse
313 3203 464 3278 probabile
484 3211 537 3259 eat.

132 3312 162 3382 7)
184 3313 266 3366 liaeo
291 3310 388 3386 ἀγοραὶ
412 3311 547 3364 dicuntur
570 3309 708 3365 Aeschin.
731 3313 762 3364 in
787 3309 914 3383 Ctesipb.
932 3331 961 3383 p.
980 3313 1043 3367 411.
1064 3315 1152 3385 Corp.

71 3384 149 3438 laser.
178 3403 227 3438 no.
258 3384 301 3444 85,
325 3384 352 3450 o,
377 3385 402 3436 7.
436 3382 485 3435 ubi
505 3393 744 3438 oommemoratur
767 3384 860 3438 tribus
885 3385 1053 3456 Cecropidis
1076 3391 1153 3462 rupte

71 3453 146 3579 dyppd
166 3457 195 3546 lp
215 3455 359 3531 depondio
395 3455 527 3508 Fuerunt
550 3458 638 3525 igitur
656 3454 780 3509 ooneilie
798 3463 828 3510 et
846 3455 992 3510 ordinaria
1010 3468 1039 3512 et
1058 3470 1152 3513 extra·

72 3543 101 3577 or
117 3547 214 3581 marra.

6 3653 8 3714 p
134 3634 162 3703 7)
182 3634 252 3690 vni.
272 3633 309 3688 de
327 3636 436 3688 eomitt.
456 3654 483 3709 p.
500 3634 554 3688 379
572 3652 615 3706 sq.

134 3741 162 3811 Β)
183 3745 338 3798 Decretum
371 3741 464 3796 tribus
488 3742 617 3793 incertae
643 3739 679 3793 de
705 3739 862 3796 fundorum
887 3741 1050 3797 elocatione
1074 3750 1154 3796 extat

6 3829 7 3874 ξ
72 3812 151 3886 Gorp.
169 3817 257 3868 inser.
275 3831 324 3865 no.
344 3814 407 3866 104.
429 3815 585 3865 Deoreturn
609 3811 795 3868 honorarium
819 3815 911 3884 tribus
930 3815 1098 3888 Cecropidis
1115 3815 1165 3870 ib.-

73 3901 119 3938 no.
136 3889 177 3941 85.
195 3889 262 3940 item
282 3884 374 3937 tribus
393 3883 583 3938 Pandionidis
601 3903 649 3936 no·
670 3885 733 3939 213.

137 3988 167 4061 9)
185 3992 256 4045 Vid.
277 3991 311 4044 de
331 3994 439 4045 eomitt.
458 4011 485 4064 p·
504 3991 567 4047 374.

140 4096 275 4164 ln)v1·d.
299 4099 335 4152 ib.
363 4106 392 4154 et
416 4097 544 4155 Boeolrb.
570 4097 606 4151 de
631 4115 693 4152 ooo.
716 4115 739 4152 r.
763 4118 792 4171 p.
817 4099 855 4152 A.
875 4097 890 4152 1
909 4119 937 4172 p.
957 4100 1020 4156 485.
1038 4100 1092 4157 498
1110 4121 1153 4179 sq.

74 4166 146 4222 inire
163 4190 223 4244 eap.
244 4173 259 4226 7
279 4170 308 4240 §.
328 4171 373 4227 79.

141 4275 188 4344 ll)
207 4279 288 4332 Heee
313 4280 438 4332 consinii
457 4283 501 4332 est
519 4279 665 4332 sententis
681 4277 716 4332 F.
734 4276 772 4329 A.
792 4274 860 4334 diss.
879 4276 925 4330 Vl
943 4297 992 4332 no.
1011 4279 1028 4333 4
1046 4299 1075 4352 p.
1093 4281 1156 4334 265.

143 4382 187 4452 la)
204 4385 276 4440 vid.
295 4385 373 4440 inira
391 4405 453 4459 nep.
471 4386 500 4442 b·
