2838 5080
260 433 333 505 ¹120
458 427 524 503 Vl.
548 426 608 497 De
632 418 823 495 r'nrte'tutr’r
846 416 946 490 durh
968 418 1157 508 genitium.

256 611 410 718 publico
437 601 595 682 consilio
622 587 899 676 deducerentur
913 595 960 695 ¹),
987 594 1081 672 baec
1095 591 1269 672 solebant
1282 599 1340 672 ob·
1414 651 1415 690 f

261 711 424 788 servari:
449 707 607 804 primunr
632 701 747 772 utne
778 701 878 773 susci
909 698 1038 772 eretur
1062 700 1255 794 negotium
1279 701 1341 770 nisi
1414 695 1415 776 l

263 803 437 886 consulto
463 809 575 875 antea
608 794 834 886 oraonlo²):
894 800 953 868 ein
986 795 1019 866 si
1051 793 1243 867 oraculum
1273 820 1342 866 ren
1414 799 1415 876 l

263 903 483 1009 probasset,
508 902 551 969 ut
577 894 790 970 ediceretur
814 889 981 990 publice,
1007 893 1071 990 qui
1097 889 1265 964 homines
1290 890 1344 964 de

265 997 425 1079 ducendi
469 996 617 1084 essent,
653 993 691 1062 in
733 1015 808 1089 quo
842 985 960 1062 tiebat
993 1013 1283 1086 saepenumero,
1310 995 1346 1060 ut

264 1095 514 1178 invitarentur
539 1091 654 1164 certis
680 1084 969 1159 condicionibus
1000 1089 1063 1184 qui
1096 1084 1261 1158 adscribi
1290 1112 1346 1157 co-

267 1199 366 1273 lonis
392 1191 540 1279 vellent,
567 1210 689 1285 neque
716 1181 859 1256 civibus
884 1181 1144 1256 tantummodo
1176 1180 1243 1255 sed
1273 1181 1347 1256 aliis

270 1299 380 1370 etiam
408 1315 429 1362 e
455 1287 632 1383 cognatis
659 1284 725 1353 aul
751 1283 881 1353 amicis
907 1279 1060 1379 populis
1086 1305 1132 1352 ea
1156 1284 1266 1378 copia
1289 1279 1347 1353 lie·

268 1390 384 1474 ret-³).
411 1387 507 1458 lluic
541 1377 768 1453 multitudini
795 1403 892 1450 rinus
925 1403 946 1450 e
972 1372 1118 1450 civibus
1152 1385 1217 1450 aut
1248 1379 1349 1450 ctiam

268 1488 399 1590 plures
430 1486 565 1550 οίκιοταί
599 1472 937 1576 praeficiebantur,
971 1476 1104 1574 quiin
1136 1473 1260 1548 locum
1290 1499 1350 1548 cos

272 1583 447 1660 colonias
473 1575 699 1649 destinatum
721 1571 962 1663 deducerent,
989 1569 1281 1672 condendaeque
1305 1571 1353 1644 ibi

269 1678 354 1756 urbi
403 1679 534 1774 reique
582 1669 757 1769 publicae
793 1676 1039 1768 praeessent:
1090 1668 1224 1769 quodsi
1263 1695 1352 1770 quae

272 1771 467 1855 emittebat
500 1766 686 1840 coloniam
725 1769 857 1838 civitas
888 1771 972 1864 ipsa
1012 1765 1170 1839 alterius
1212 1765 1354 1838 colonia

272 1880 393 1961 esset,
432 1870 549 1942 moris
582 1867 664 1937 erat
696 1890 716 1936 e
749 1862 951 1962 metropoli
981 1866 1121 1953 οίκιοιὴν
1143 1861 1355 1954 adsciscit).

274 1976 343 2047 llis
369 1963 544 2040 mandata
571 1960 617 2035 de
644 1958 942 2034 administrando
962 1963 1120 2056 negotio
1136 1960 1257 2061 deque
1284 1959 1355 2033 l'or·

275 2068 374 2144 mula
399 2066 504 2151 iuris,
531 2085 605 2160 quo
630 2061 828 2131 uterentur
854 2057 992 2144 coloni,
1019 2055 1119 2148 data,
1143 2085 1239 2156 qnae
1266 2061 1357 2126 cinat-

274 2193 328 2236 κια
352 2155 639 2250 dicebantur5);
665 2153 904 2228 tenuioribus
930 2156 1055 2226 autem
1090 2153 1234 2228 colonis
1261 2183 1355 2228 coor-

274 2267 421 2334 meatus
453 2278 719 2353 nonnunquam
756 2255 795 2323 el
825 2277 930 2324 arma
963 2248 1010 2322 de
1063 2249 1186 2324 ublico
1213 2250 1357 2351 praebi-

276 2361 369 2444 ta⁶).
417 2357 550 2452 ignem
576 2375 694 2450 porro
720 2374 847 2422 secum
873 2277 1124 2451 asportabant
1149 2375 1200 2424 ex
1225 2355 1358 2425 metro-

277 2519 475 2550 —l--

348 2629 381 2698 l)
404 2631 467 2684 Hae
492 2635 601 2682 tantum
628 2633 696 2680 srvnt
724 2646 798 2700 quas
820 2631 938 2702 proprie
961 2627 1093 2682 colonias
1117 2648 1134 2683 ι
1153 2631 1296 2684 Romanis
1314 2647 1361 2681 vo-

280 2712 390 2758 cantur.
409 2704 529 2754 Servius
550 2703 585 2752 ad
605 2703 687 2768 Virg.
710 2703 779 2756 den.
797 2705 820 2765 1,
842 2705 891 2755 12:
931 2701 1008 2753 ullae
1034 2712 1127 2754 autern
1148 2703 1283 2754 coloniae
1300 2709 1361 2753 sunt

192 2915 194 2922 ¹
279 2772 955 2916 1131111111..13“ῖέζὶ1οὲ.”1.ἷᾶξῖᾞὲῗέἱ
973 2775 1361 2913 ’ἓῖἶι“31.111ζῖ;ἶ..ιῗ.”ξῖἶ

283 2928 382 2971 curate
401 2915 585 2988 loquentibus
604 2915 706 2968 ἄποικοι
723 2917 759 2974 ab
774 2921 883 2973 ἐποίκοις
899 2915 926 2970 b.
947 2934 972 2968 e.
991 2919 1076 2969 novio
1096 2919 1202 2970 accolis
1220 2922 1251 2969 in
1270 2917 1363 2970 cundi·

280 2999 338 3043 tam
357 2993 412 3040 iam
432 2997 509 3058 prius
528 2986 670 3040 coloniam
689 2989 838 3042 deductist
876 3006 1045 3058 quemquam
1073 2987 1145 3041 baec
1169 3007 1228 3041 non
1249 3007 1308 3042 una
1325 2993 1364 3040 est

280 3061 364 3114 buius
382 3056 517 3112 vocabuli
536 3059 717 3126 significatio.
737 3061 806 3114 vid.
826 3058 926 3114 Schol.
945 3059 982 3112 ad
1002 3059 1135 3130 Tbuoyd.
1155 3063 1193 3127 11,
1212 3062 1259 3118 27.
1284 3058 1362 3113 Suid.

281 3137 311 3186 in
336 3134 468 3197 οὶποίκηοις
492 3139 521 3183 et
538 3133 642 3187 ἔποικος.
680 3132 823 3200 Kruegcr.
849 3131 887 3184 od
909 3133 1032 3203 Dionys.
1056 3129 1221 3202 historiogr·
1250 3143 1281 3198 Ρ.
1309 3130 1364 3186 101.

278 3207 378 3276 Poppo
396 3203 524 3272 prolcgg.
542 3202 710 3257 Τ1ιοο.νο1.
731 3205 743 3256 1
763 3216 790 3270 ι).
810 3205 872 3258 235.

353 3323 386 3395 2)
407 3326 450 3379 ef.
470 3346 547 3398 supr.
568 3346 592 3380 c.
608 3327 630 3380 ’4
650 3326 677 3397 5.
698 3328 741 3390 lt,
759 3327 785 3382 8.
805 3327 832 3382 9.
868 3325 943 3383 Add.
963 3325 1092 3390 exempla
1111 3346 1156 3400 ap.
1175 3325 1320 3381 Herodot.
1331 3327 1365 3389 V,

283 3399 325 3452 42.
345 3397 479 3468 Tbucyd.
499 3400 550 3464 111,
569 3399 611 3452 92.
632 3399 788 3470 Spanbem.
808 3399 844 3452 ad
863 3399 1031 3453 callimach.
1050 3399 1149 3471 bymn.
1172 3403 1204 3452 in
1222 3400 1323 3472 Apoll.
1340 3417 1365 3450 r.

283 3472 326 3525 57.
361 3472 467 3541 Neque
493 3470 550 3522 alia
573 3475 774 3524 vaticiniorum
801 3490 909 3540 genera
934 3481 1030 3542 spreta
1053 3491 1116 3524 esse
1141 3485 1365 3524 cousentaneum

284 3549 335 3610 est,
355 3559 412 3612 quo
431 3545 576 3612 pertinent
593 3562 620 3594 v¹
642 3562 667 3596 c.
685 3545 711 3597 ct
728 3544 924 3618 Θουριομάντεις
940 3543 1017 3615 apud
1034 3542 1259 3616 Aristophanem
1270 3542 1365 3596 Nnbb.

282 3633 311 3667 v.
330 3615 392 3681 331,
412 3613 461 3666 ubi
480 3613 516 3666 ct'.
534 3617 656 3686 interpp.

350 3717 381 3786 ³)
401 3717 531 3790 Thucyd.
552 3723 574 3786 1,
593 3723 628 3775 27
646 3721 707 3787 (ubi
725 3723 841 3796 proprie
858 3725 954 3778 ἔποικοι
975 3728 1044 3776 sunt
1067 3724 1116 3794 qni
1141 3717 1323 3789 mittuntur.)
1342 3723 1366 3771 et

284 3791 336 3859 111,
354 3791 398 3844 9².
416 3793 536 3845 Diodor.
556 3795 624 3860 ΧΠ,
643 3796 685 3847 lo.

349 3895 379 3960 4)
400 3896 532 3968 nnuayr.
553 3898 589 3950 ιι.
609 3900 645 3954 11.
664 3899 832 3955 seniora.
850 3897 910 3956 1.1.
930 3901 980 3972 qur
997 3898 1094 3958 marae
1110 3899 1190 3954 arere.
1219 3896 1362 3954 cruun-
1414 3863 1415 3890 ¹

281 3966 334 4021 ler.
352 3971 485 4038 Aeginet·
501 3983 528 4036 p,
548 3973 592 4026 53.

348 4073 382 4140 5)
403 4077 568 4144 Harpocrat.
589 4097 612 4132 ι.
631 4098 659 4132 v.
677 4077 801 4134 ἄποίκιοτ
836 4077 908 4136 totae
930 4074 961 4132 vd
985 4075 1131 4150 γράμματα
1156 4077 1227 4131 καθ’
1247 4074 1271 4132 οἳ
1291 4076 1364 4131 dm·-

279 4146 350 4199 κοῢσί
363 4163 426 4202 τινος
440 4147 514 4204 οὕτως
529 4149 678 4220 ὠνόμασαν.
708 4152 803 4218 Vulgo
822 4153 927 4206 ἀποικία
946 4151 1099 4215 scribitur3
1124 4151 1175 4202 sed
1196 4150 1361 4204 mutandum

279 4227 426 4271 accentum
444 4221 649 4275 intellexerunt
666 4226 721 4276 ianr
742 4224 873 4276 Hudson.
893 4223 929 4276 ad
949 4221 1082 4291 Thucyd.
1102 4222 1125 4284 1,
1145 4223 1189 4275 24.
1210 4221 1310 4275 Valet·
1328 4216 1361 4270 {tl

280 4287 384 4360 Polyb·
402 4291 471 4358 1111,
490 4293 532 4356 10,
551 4294 569 4347 3
588 4306 616 4358 Ρ.
634 4295 688 4350 318
708 4295 799 4348 Gron.
817 4299 913 4361 sseyu.
933 4312 1047 4364 opuacc.
1069 4294 1079 4344 l
1099 4313 1126 4364 p.
1145 4295 1208 4348 32⁴.

339 4411 378 4483 ,6)
396 4415 499 4469 bibon.
517 4415 639 4489 hypoth.
657 4418 806 4473 Demostb.
826 4438 867 4474 or.
887 4419 923 4473 de
943 4418 1082 4474 cherson.
1102 4431 1130 4485 p.
1148 4416 1193 4484 88,
1211 4415 1238 4471 8.
