2822 5082
472 357 507 424 4.
531 347 592 420 Dc
616 348 790 422 comitate.
934 434 939 446 ,
1099 347 1172 424 235

89 523 287 625 ctigalibus
313 528 379 602 aut
391 505 657 604 collationibus
673 527 829 630 aliisque
844 529 968 606 modis
984 529 1172 608 redituum

88 623 244 704 consilia
268 652 292 700 a
317 628 451 700 senatu
476 634 541 700 aut
566 653 589 700 a
612 629 772 726 privatis
797 633 995 729 proposita
1009 627 1172 729 populus

86 719 275 820 probabat
300 721 563 825 sciscebatqne
578 726 623 822 ²).
673 724 884 798 Sacrorum
910 730 1022 800 etiam
1048 731 1087 802 el
1111 753 1173 802 re-

86 845 165 893 rum
192 817 397 894 divinarum
423 847 513 920 pars
539 848 615 894 non
641 825 791 894 minima
815 823 946 922 populi
976 828 1084 900 scitis
1114 851 1173 899 re-

85 914 265 1014 gebatur.·
311 919 408 992 Nam
442 925 479 991 et
504 915 550 992 de
576 915 803 1016 recipiendis
827 923 866 992 in
892 923 1079 996 civitatem
1104 948 1173 994 no·

85 1016 140 1086 vis
154 1013 402 1114 religionibus
421 1013 603 1116 testisque
626 1019 734 1088 novis
754 1013 992 1092 celebrandis
1006 1023 1045 1092 in
1061 1022 1174 1094 comi-

85 1114 145 1184 tiis
168 1111 419 1204 statuebatur,
446 1115 485 1186 et
499 1111 721 1186 violatarum
737 1112 963 1210 religionum
981 1120 1172 1215 quaestio·

12 1293 13 1368 τ
84 1207 339 1380 bittit:
372 1207 891 1382 trtttttmdtititttt?
913 1211 1173 1387 titii&

11 1373 13 1444 l
84 1399 305 1476 solemnium
332 1333 584 1496 calcatoribus,
611 1403 772 1504 denique
799 1401 845 1478 de
869 1367 1173 1504 parentationum

11 1513 13 1544 ἰ
82 1497 316 1598 publicarum
349 1501 566 1576 oratoribus
598 1499 771 1602 epnliqne
803 1500 974 1576 funebris
1006 1495 1174 1604 appara·
1304 1583 1307 1590 .

11 1621 13 1690 ᾗ
84 1596 233 1670 toribus
260 1596 482 1698 suffragium
508 1597 715 1692 ferebat3).
770 1599 973 1674 Postremo
1006 1606 1175 1702 praemia

11 1697 12 1722 ³
85 1705 120 1768 et
147 1694 314 1770 bonores
338 1701 430 1771 viris
454 1694 552 1772 bene
576 1699 731 1788 meritis,
758 1699 906 1792 etiamsi
930 1696 995 1770 alii
1011 1695 1059 1772 ab
1079 1697 1175 1794 aliis,

85 1791 202 1866 veluti
228 1819 251 1866 a
277 1798 426 1886 senatu,
451 1821 475 1866 a
500 1791 691 1886 tribubus,
718 1797 830 1894 pagis
857 1792 987 1868 aliisve
1000 1793 1097 1869 colle
1128 1800 1175 1872 iis

10 1957 11 1990 ᾗ
84 1886 285 1985 dabantur,
311 1897 496 1966 maximos
520 1893 646 1964 tamen
671 1892 710 1964 et
736 1889 985 1990 amplissimos
1011 1822 1175 1994 poprfins

84 1983 211 2078 dabat,
238 2016 402 2065 coronas
426 1995 465 2063 in
490 1985 640 2062 theatro
666 1989 731 2062 ant
754 1991 793 2062 iu
819 1992 1002 2062 concione
1034 2015 1174 2064 renun-

10 2137 11 2180 5
84 2084 255 2178 ciandas,
265 2091 449 2185 imagines
457 2086 634 2160 titulosve
648 2083 876 2158 honorarios
890 2087 930 2158 in
944 2082 1104 2186 publicis
1116 2085 1175 2160 lo·

8 2185 11 2270 j
85 2185 153 2274 cis,
179 2185 317 2260 victum
342 2190 380 2258 in
406 2187 621 2280 Prytaneo,
654 2185 922 2256 immunitatem
949 2181 1095 2284 aliaque
1123 2187 1175 2258 si·

84 2277 247 2379 miliat).
309 2285 484 2383 Denique
525 2283 711 2356 civitatem
744 2282 959 2380 peregrinis
993 2283 1176 2382 impertiri

84 2379 248 2477 populns
274 2383 419 2454 tantum
445 2382 524 2452 suis
549 2377 744 2476 suffragiis
771 2379 934 2478 poterat,
961 2403 1035 2478 qua
1061 2377 1107 2454 de
1132 2405 1175 2456 ro

86 2476 174 2577 qnid
199 2475 307 2578 loges
332 2480 500 2554 caverint
525 2501 642 2578 supra
667 2478 880 2578 expositum
907 2478 966 2550 est
980 2477 1024 2570 ⁵).

359 2830 397 2902 5.
423 2827 488 2900 lle
512 2820 901 2924 magistratibus.

508 2987 538 3068 §.
558 2975 761 3050 XXXVII.

181 3113 433 3209 Magistratus
458 3113 608 3184 nomine
634 3111 756 3182 minus
769 3107 945 3180 accurate
964 3128 1029 3180 eos
1045 3129 1176 3178 omnes

89 3209 304 3307 significare
325 3205 464 3301 licebit,
490 3206 627 3306 quibus
640 3208 750 3297 ἀρχῶν
776 3199 980 3304 appellatio
997 3198 1045 3274 ab
1060 3200 1176 3276 lltbe-

87 3305 282 3378 niensibns
307 3303 424 3378 tribui
451 3302 621 3398 solebat,
656 3325 879 3402 quamquam
911 3297 1080 3371 nonnulli
1111 3325 1176 3371 eo-

88 3428 168 3475 rum
193 3406 336 3475 rectius
361 3406 427 3475 aut
451 3409 649 3476 curatores
675 3403 893 3490 (ἐπιμεληταί)
919 3399 985 3468 aut
1015 3399 1177 3469 ministri

89 3502 273 3592 (ὑπηρέται)
305 3499 520 3574 dicerentur
536 3501 580 3599 ¹).
637 3497 711 3572 Est
739 3499 840 3598 enim
876 3497 1028 3568 omnino
1055 3493 1176 3568 Grae-

157 3705 191 3792 2)
210 3708 284 3761 lbid.
304 3727 366 3782 cap.
384 3709 403 3763 9
420 3729 448 3782 p·
467 3709 521 3765 286
538 3725 600 3781 sqq.

159 3816 191 3884 3)
210 3817 282 3880 Ibid.
303 3835 363 3901 cup.
385 3817 419 3882 10
437 3830 465 3884 P.
485 3816 537 3872 297
557 3836 619 3890 sqq.

158 3921 190 3992 4)
210 3925 283 3979 lbid.
301 3943 362 3995 cap.
381 3925 416 3978 12
434 3937 460 3989 Ρ.
478 3925 532 3979 334
550 3943 612 3996 sqq.
648 3923 725 3976 Add.
745 3922 962 3973 weston-mann.
994 3915 1030 3968 de
1053 3913 1175 3986 publicis

93 3992 309 4050 Atheniensium
328 3996 486 4050 bonoribus
506 4015 540 4050 aa
557 3998 692 4068 praemiis
712 3992 925 4050 commentatio.
952 3988 1031 4058 Irips·
1050 3989 1130 4042 1830.
1147 3988 1174 4042 8.
1232 4067 1235 4074 Ι

158 4105 190 4174 5)
210 4107 280 4178 Gap.
300 4107 315 4158 I
334 4101 362 4170 ξ.
382 4105 426 4161 18.

161 4211 188 4276 l)
207 4213 279 4266 Vid.
297 4211 515 4264 Hudcwalcker.
536 4211 571 4264 de
591 4212 722 4265 diaetetis
741 4231 767 4280 p.
787 4207 832 4261 32.
860 4203 934 4258 Add.
951 4205 1072 4256 Aristot
1089 4201 1176 4255 Polit.

96 4279 146 4346 IV,
163 4285 206 4349 12,
225 4286 243 4338 3
261 4291 291 4337 et
309 4303 381 4356 qpae
401 4305 417 4336 a
436 4285 519 4338 nobis
538 4285 698 4337 dictasunt
718 4282 753 4333 de
773 4279 880 4330 comitt.
899 4297 925 4347 p.
942 4275 996 4329 308
1015 4281 1044 4328 et
1062 4277 1091 4326 in
1105 4275 1174 4326 Sac-

96 4348 159 4408 bod.
177 4354 316 4410 Biblioth.
336 4359 397 4410 crit.
417 4375 485 4410 nov.
504 4375 569 4410 ann.
589 4357 658 4411 1829
677 4374 766 4410 mens.
784 4355 861 4418 Aug.
877 4367 925 4402 no.
944 4347 1025 4420 9711.
1045 4348 1107 4401 385.
1219 4355 1222 4358 ’
