2814 5080
282 353 319 426 a.
351 355 412 428 ne
436 354 641 456 cesama
651 332 822 457 ptura..
884 437 888 446 ,
1049 369 1124 443 aaa

45 533 170 606 riotica
205 535 361 628 praeter
392 541 591 632 argeutum
631 539 742 614 etiam
771 541 962 641 plumbum
995 553 1034 626 et
1064 556 1120 650 pi·

43 633 270 728 gmentorum
299 629 482 728 qrraedam
507 659 665 732 genere,
691 637 738 712 sil
761 644 1117 740 imprimisumnium

44 731 210 824 optimum
225 726 290 816 ¹⁴),
329 727 546 832 Pentelicus
578 738 702 808 autem
736 741 774 809 et
799 740 997 838 Hymettus
1021 744 1115 844 lapi-

44 823 116 896 dem
165 827 475 920 pretiosissimum
528 827 689 928 largiter
730 838 1025 935 suppeditabant
1047 845 1113 937 ¹⁵).

43 918 113 994 Sed
152 923 355 1018 praecipue
392 932 516 998 tamen
555 933 689 1002 artium
731 939 843 1032 atque
879 935 1113 1034 upiliciorum

42 1019 150 1088 omnis
174 1021 329 1114 generis
356 1045 474 1118 opera
498 1025 536 1094 in
563 1031 824 1103 commercium
847 1029 895 1106 ab
912 1034 1113 1112 Athenien·

41 1111 134 1186 sibus
165 1113 438 1209 afferebantur,
477 1145 662 1222 qurrmque
698 1128 782 1224 ipsa
818 1135 1027 1206 necessitas
1055 1133 1112 1210 his

40 1236 97 1283 eus
121 1211 274 1284 studere
301 1217 501 1311 coegisset,
527 1221 604 1291 tum
632 1226 758 1296 nativa
779 1225 915 1324 'populi
940 1229 1111 1307 sollertia

39 1316 69 1380 et
90 1307 272 1382 industria
299 1308 435 1405 effecit,
461 1319 503 1388 ut
527 1317 672 1391 Atticae
697 1344 843 1396 merces
869 1340 1029 1424 propter
1052 1335 1109 1402 in-

37 1403 408 1502 signemhonitatem
441 1416 478 1480 et
504 1409 729 1508 elegantiam
762 1444 838 1491 nun
871 1427 992 1496 miuus
1020 1426 1109 1502 olim
1152 1421 1158 1432 ’

36 1501 123 1598 apud
159 1528 289 1577 omnes
321 1507 360 1577 in
394 1504 535 1580 deliciis
562 1517 699 1602 essent,
727 1541 836 1614 quam
861 1515 973 1595 hodie
997 1523 1107 1599 Peri-

36 1602 166 1672 sieuscs
192 1600 596 1697 authoudinensesffi).
637 1609 698 1684 Ex
712 1609 768 1685 his
784 1621 987 1715 praecipue
1004 1647 1107 1696 cum·
1146 1689 1149 1695 .

35 1696 265 1770 memoranda
296 1702 385 1771 sunt
416 1726 519 1774 arma
553 1701 700 1805 aliaque
732 1736 780 1782 ex
806 1714 964 1788 metallis
990 1715 1106 1794 labri·
1193 1757 1196 1766 ¹

35 1801 126 1884 cata,
164 1821 282 1870 aurea
307 1807 562 1898 argenteaque
589 1815 827 1898 ornamenta,
860 1835 969 1904 vasa,
995 1819 1107 1892 etiam

32 1886 146 1963 lictilia
184 1895 305 1990 siguis
340 1902 375 1966 ct
407 1898 564 1992 picturis
597 1899 793 2000 eleganter
820 1915 964 1999 ornata,
996 1917 1106 1987 vesti-

32 1996 142 2060 menta
168 1987 317 2091 aliaque
344 2017 460 2088 opera
485 1997 665 2088 textoria,
690 1999 862 2099 supellex
888 2011 1010 2081 omnis
1034 2035 1105 2107 ge-

31 2086 181 2180 11611317),
210 2084 369 2188 denique
394 2093 504 2164 ctiam
530 2089 630 2186 libri,
666 2099 704 2169 iu
731 2095 866 2198 quihus
892 2128 968 2176 non
995 2103 1104 2179 char·

30 2181 81 2252 tae
105 2185 225 2256 solum
258 2184 305 2257 ad
330 2183 569 2262 scribendum
594 2201 844 2292 praeparatae
869 2197 937 2272 scd
963 2207 1105 2302 scripta

30 2282 126 2352 etiam
159 2289 358 2379 puetarum
396 2283 627 2388 aliorumque
668 2317 786 2390 opera
817 2291 934 2370 luisse
973 2299 1104 2374 viden-

29 2379 144 2474 lurffi).
201 2380 405 2454 Praeterea
420 2385 530 2454 etiam
544 2387 773 2462 navicularia
785 2387 991 2468 lectitanda
1006 2423 1104 2470 mer·

28 2470 194 2574 cibusque
220 2473 291 2548 huc
316 2475 406 2550 illuc
422 2477 648 2556 devehendis
673 2511 718 2558 ac
734 2485 988 2565 distrahendis
999 2493 1105 2568 multi

27 2567 236 2664 alebantur,
277 2577 432 2675 cratque
464 2575 621 2652 Athenis
657 2587 764 2682 quasi
790 2593 996 2662 communis
1021 2594 1103 2692 qui-

26 2662 98 2738 dam
123 2669 321 2742 multarum
346 2676 515 2769 gentium
543 2685 751 2773 mercatus,
783 2708 857 2781 quo
885 2683 1103 2780 cuullueret,

26 2763 113 2860 quad
138 2765 204 2840 uhi
233 2795 280 2842 ue
305 2768 609 2845 terrarumhuni
633 2779 872 2872 gigneretur,
897 2807 1103 2884 rursusque

24 2859 99 2936 iude
134 2867 173 2937 iu
203 2793 457 2941 liversissima
482 2867 568 2941 luca
592 2869 801 2948 dimanaret
811 2875 872 2972 ¹⁹).
922 2879 1103 2979 11οοίςί-

22 3055 210 3076 α----ι“

81 3177 95 3231 1

22 3245 57 3316 u,
73 3250 96 3304 e.

82 3358 96 3410 1

98 3175 129 3249 t)
152 3179 232 3234 mu.
254 3179 293 3232 n.
317 3179 356 3232 Ν.
379 3183 526 3250 xxxm,
554 3180 599 3237 un.
634 3185 670 3236 In
694 3187 774 3240 univ.
807 3185 844 3240 ef.
874 3197 952 3262 supa.
967 3155 971 3166 ¹
986 3193 1048 3248 ur
1075 3191 1102 3259 ς.

114 3354 130 3427 )

98 3360 113 3411 5
148 3356 287 3430 Xenoph.
307 3357 343 3411 (le
360 3358 444 3413 redit.
465 3361 490 3424 1,
508 3362 534 3416 t
553 3360 590 3414 cl.
609 3379 696 3434 supra
714 3381 737 3416 a.
758 3365 774 3420 7
794 3364 822 3434 §.
843 3365 885 3434 74,
904 3367 930 3422 8.
982 3348 1015 3370 ἠ’

80 3462 127 3534 16)
146 3464 251 3520 verba
268 3469 336 3518 aunt
354 3466 388 3518 F.
406 3469 442 3520 At
459 3465 568 3520 Wolfii
588 3468 623 3520 ad
641 3468 791 3524 Demosth.
810 3471 892 3544 Lept.
910 3493 936 3546 p.
956 3477 1018 3530 tte.

81 3570 126 3641 17)
152 3573 253 3626 Wolf:
277 3572 297 3626 1.
314 3572 335 3626 1.
372 3575 417 3626 De
436 3572 520 3627 lanae
538 3577 654 3628 Atticae
673 3581 850 3647 praestantia
869 3577 904 3632 cl.
924 3579 1030 3638 Athen.
1049 3584 1102 3650 vl,

20 3640 49 3693 60
64 3663 89 3713 p.
107 3645 170 3699 219.
192 3645 262 3712 xit,
280 3645 316 3698 57
334 3665 362 3717 p.
382 3646 443 3699 640.
481 3649 525 3700 De
545 3651 621 3700 vasis
640 3649 778 3718 fictilibus
799 3669 835 3703 ex
852 3653 951 3706 Attica
970 3661 1102 3724 exporta-

18 3715 49 3763 tis
66 3717 121 3769 vid.
143 3717 180 3770 G.
199 3717 332 3781 Krannon,
360 3717 407 3770 iih.
427 3717 483 3771 cleu
502 3717 569 3788 styl
588 3737 615 3772 u.
637 3719 683 3772 die
702 3721 849 3776 Herlrunlt
868 3721 919 3776 der
937 3724 1102 3779 hemehlten

17 3787 111 3851 grieeh.
131 3787 342 3856 Thongesstsae.
381 3790 482 3843 Berlin
503 3790 581 3844 1837.
599 3811 626 3863 p.
647 3791 700 3848 166
719 3800 748 3846 et
766 3795 827 3849 194.

78 3893 127 3950 181
152 3895 283 3950 Buechh.
307 3895 327 3948 l.
352 3895 373 3948 l.
392 3915 418 3964 p.
441 3895 486 3949 51.
524 3897 647 3966 Kriiger.
669 3899 706 3950 ad
724 3898 855 3971 Xenoph.
874 3902 968 3956 Anah.
987 3903 1056 3970 vlt,
1074 3906 1100 3972 6,

19 3961 54 4017 14.
87 3969 266 4038 Βιβὴοπώλας
282 3965 438 4039 Nicophou
457 3983 662 4023 commemorat
680 3971 756 4042 apud
773 3971 916 4028 Athenae.
933 3975 1022 4046 111p.
1041 3977 1101 4031 126.

79 4070 128 4144 19)
153 4059 291 4148 Xeuuph.
317 4077 352 4130 eie
370 4095 402 4128 re
420 4073 500 4146 publ.
519 4073 588 4130 ml».
608 4079 634 4146 2,
654 4079 680 4132 7.
719 4077 852 4149 Thucyd.
870 4081 909 4145 11,
927 4081 971 4136 38.
1009 4082 1099 4137 Isocr.

17 4137 151 4218 Panegyr.
173 4167 198 4204 c.
218 4149 250 4200 11
271 4154 342 4202 extr.
362 4176 397 4187 -
427 4149 559 4200 Ceterum
579 4167 639 4201 uon
658 4153 763 4214 omnia,
781 4169 855 4222 quae
873 4153 1101 4224 importabantur

16 4214 150 4286 Athenas,
180 4222 264 4272 etiam
291 4223 435 4290 exportari
454 4237 553 4272 rursus
571 4219 703 4290 licuisse,
733 4222 880 4294 multaque
903 4231 1022 4296 praeter¹
1039 4225 1107 4280 fru-¹

16 4295 134 4344 mentum
158 4289 290 4366 ἆπὸρῤηπι
312 4291 402 4345 fuisse
429 4289 534 4344 decent
558 4309 632 4364 quaa
661 4301 799 4364 congesta
821 4302 889 4348 sunt
908 4314 926 4348 a
943 4295 1099 4368 spanhem.

14 4356 45 4410 ad
66 4362 216 4435 Aristoph.
240 4366 338 4422 nasu
361 4383 390 4418 v.
415 4363 477 4418 ³65.
502 4361 565 4420 867.
602 4365 728 4424 Gasani).
754 4367 791 4421 ad
810 4365 957 4439 Theophr.
976 4367 1055 4424 char.
1074 4389 1098 4425 ο.
1185 4439 1186 4442 ¹

838 4465 897 4542 23γ
