2840 5084
187 327 277 406 ΙΙΙ.
315 321 375 400 De
399 320 512 400 rebus
529 319 705 422 publicis,
719 319 762 394 in
785 280 1015 400 cautelam.
1100 327 1149 399 59

74 518 119 582 est
142 507 238 584 alios
265 503 314 580 ab
340 531 386 578 eo
403 500 570 594 adbiberi
587 500 837 602 consiliarios,
863 507 1068 602 ministros,
1092 513 1149 584 iu·

74 607 182 694 ilices,
218 609 278 705 qui
313 612 435 678 tamon
447 603 525 692 „si
552 597 600 672 ab
619 599 716 672 illius
733 605 849 688 unius
862 602 1052 679 voluntate
1069 633 1149 680 mu·

74 731 129 779 nus
155 699 228 784 sibi
257 699 433 776 traditum
460 695 600 770 babent
625 695 854 798 ab'eius'que
887 709 979 774 nutu
1012 707 1050 775 et
1082 707 1149 780 im·

72 806 166 900 perio
198 797 382 899 peniteat,
422 805 523 869 reete
557 799 666 868 unfus
698 799 856 894 arbitrio
890 803 927 871 et
958 804 1149 898 potestate

14 917 16 974 t
74 925 207 972 currem
235 892 524 996 rempublicam
550 893 803 966 administrari
840 893 1017 971 dicemus.
1068 895 1149 972 Serl

73 995 152 1068 baec.
197 1011 302 1069 orma
330 995 487 1090 imperi,
514 1015 610 1092 «puae
637 995 694 1062 est
718 1005 877 1090 μοναρχία
895 999 1148 1069 ierinominis

73 1091 116 1166 rel
129 1104 304 1170 δεσποτεία
317 1097 356 1162 et
368 1099 588 1185 παμβασιλεία
605 1087 648 1180 ¹),
663 1089 760 1187 apurl
780 1089 949 1164 Graecos
964 1090 1042 1165 lere
1055 1120 1149 1166 nuu-

73 1215 171 1290 qnam
197 1189 283 1266 lirit:
311 1213 395 1262 nam
422 1187 596 1260 heroicae
623 1190 757 1256 aetatis
776 1210 893 1282 regna
910 1214 1019 1288 quam
1035 1188 1150 1286 longe

73 1285 327 1372 amooarcbia
353 1283 417 1358 illa
442 1287 586 1356 remota
613 1280 752 1356 suerint
776 1307 868 1356 mox
889 1283 1089 1385 apparebit
1099 1268 1169 1386 Ξ).·

72 1384 197 1458 Fiebat
221 1392 345 1456 tamen
371 1387 507 1480 postea
534 1405 798 1480 nonnunqum
825 1389 865 1453 ut
893 1385 1059 1458 homines
1092 1383 1150 1460 ia·

14 1483 16 1514 l
73 1485 173 1554 ctiosi
196 1506 267 1580 per
294 1485 365 1554 vim
389 1486 427 1551 et
452 1481 625 1550 aistuliarn
652 1503 793 1553 summa
821 1505 944 1554 rernm
977 1481 1049 1555 soli
1079 1511 1150 1583 po-

14 1637 15 1678 ,
71 1582 240 1652 licentur:
267 1602 425 1678 quoram
452 1575 669 1662 dominatio,
698 1574 847 1673 legibus
872 1583 1014 1676 pariter
1042 1587 1150 1654 etin·

14 1685 16 1716 ²
70 1680 174 1776 genio
204 1675 448 1774 moribusque
481 1675 714 1746 Graecorum
756 1678 967 1770 cerriti-aria,
1002 1691 1153 1776 τυραννὶς

70 1775 276 1866 ιοιαῑιιι3).
327 1773 405 1844 Serl
433 1775 464 1844 si
491 1774 527 1842 in
553 1795 760 1870 paucorum
784 1777 975 1868 potestate
998 1800 1060 1846 res
1084 1799 1152 1872 pu·

14 1893 15 1898 ’
72 1869 158 1944 blica
186 1881 257 1962 est,
284 1868 341 1942 liis
365 1873 542 1970 princeps
568 1870 603 1938 in
640 1871 791 1940 civitate
825 1867 932 1942 locus
962 1875 1029 1943 aut
1090 1896 1152 1942 ro·

70 1975 144 2067 pter
175 1971 331 2061 generis
358 1965 590 2040 nobilitatem
615 1973 680 2036 eut
702 1967 862 2064 propter
875 1967 1023 2040 divitias
1067 1972 1153 2040 otus

14 2099 16 2138 z
71 2071 128 2140 aa.
166 2067 221 2140 Et
246 2067 350 2138 initio
377 2062 524 2164 quietem
548 2061 703 2162 plerum
722 2090 767 2135 ue
794 2063 892 2163 apuri
921 2064 1153 2138 nobilitatem

14 2163 16 2254 l
73 2169 174 2238 etiam
200 2163 351 2236 divitiae
376 2164 539 2236 maiores
554 2163 639 2232 esse
655 2095 797 2242 solent:
821 2161 981 2260 proinde
997 2159 1154 2238 liberior

14 2279 16 2344 l
74 2287 213 2363 quoque
247 2287 270 2332 a
302 2264 355 2332 rei
392 2257 586 2332 nmiliaris
620 2284 710 2329 cura
745 2263 888 2332 animus
923 2263 1051 2361 reique
1083 2285 1153 2358 pu·

14 2355 16 2470 l
72 2355 183 2434 blieae
210 2354 430 2432 tractandae
461 2357 583 2428 maior
616 2354 793 2448 tacultas!‚
826 2359 987 2459 itemque
1017 2354 1153 2431 milin-

14 2507 15 2514 ι
73 2462 157 2531 rium
183 2459 318 2530 artum
342 2457 462 2528 maior
488 2455 712 2526 exercitatio
739 2460 777 2526 et
801 2459 1060 2554 praestantius
1091 2479 1153 2528 ar·
1237 2531 1239 2538 ,

73 2564 230 2628 maturae
256 2549 446 2652 genosi),
472 2547 607 2652 qrribus
635 2547 749 2623 rebus
775 2578 886 2653 quum
920 2566 958 2626 et
990 2557 1027 2625 iu
1058 2577 1154 2652 paee

75 2664 105 2727 et
124 2658 159 2724 in
188 2652 288 2726 bello
316 2646 777 2722 ceteram‘multiturlinem
801 2651 1051 2748 praecellant,
1078 2675 1153 2722 non

14 2803 16 2856 Ι
73 2755 198 2824 iniuria
225 2753 337 2822 etiam
363 2751 399 2818 in
425 2751 574 2820 civitate
607 2749 859 2845 principatum
891 2745 1065 2822 obtinere
1099 2752 1154 2820 vi·

14 2863 15 2868 ’
74 2847 212 2921 dentur.
264 2847 406 2918 llorum
437 2841 503 2918 ubi
535 2867 677 2916 summa
711 2849 771 2916 est
801 2850 1023 2948 minimeque
1057 2843 1154 2917 limi·

14 2943 15 2948 ’
75 2950 146 3017 tata
177 2947 370 3045 potestas,
401 2939 463 3026 ibi
485 2944 524 3014 et
555 2966 578 3014 a
604 2939 763 3014 consilio
789 2941 942 3044 publico
969 2947 1008 3016 el
1033 2967 1055 3015 a
1080 2966 1156 3014 mn·

14 3071 16 3118 l
75 3041 290 3140 gistratibus
323 3046 361 3112 et
393 3065 415 3111 a
445 3036 591 3112 iudiciis
615 3036 725 3137 plebs
751 3041 982 3133 excluditur,
1014 3041 1154 3111 omnia.

14 3143 16 3196 l
77 3166 140 3239 qne
164 3139 257 3212 baec
281 3139 406 3210 munia
432 3136 503 3210 soli
525 3135 965 3228 nobilesadmiaistrant,
992 3142 1058 3209 aut
1072 3140 1157 3236 pari

77 3241 164 3310 inter
190 3263 232 3309 se
258 3239 350 3324 iure,
377 3238 442 3306 aut
467 3231 679 3305 discrimine
706 3235 832 3335 aliquo
850 3237 949 3314 inter
965 3239 1068 3334 ipsos
1086 3232 1156 3309 ob·

80 3343 233 3418 servato,
260 3332 372 3406 veluti
399 3355 511 3432 quum
537 3329 583 3402 aa
610 3355 776 3403 summos
800 3337 1047 3432 magistratus
1073 3359 1156 3407 eer-

14 3495 15 3506 ,
82 3435 121 3504 tis
149 3439 290 3504 tantum
319 3427 467 3504 familiis
501 3425 627 3501 aditus
664 3427 890 3504 hereditario
925 3435 1005 3504 iure
1028 3436 1156 3532 patet3

14 3581 15 3628 ³
83 3527 167 3628 qnod
194 3553 316 3628 genus
340 3529 574 3626 principatus
599 3538 774 3605 δυναστεία
800 3531 958 3602 vocatur
983 3530 1031 3624 ⁵).
1083 3527 1157 3602 Ubi

14 3641 16 3712 l
81 3633 192 3700 autem
218 3651 294 3699 non
319 3626 474 3724 generis
500 3623 681 3700 nobilitas
698 3627 766 3702 sed
784 3654 920 3703 census
935 3623 1157 3726 magnitudo

84 3801 269 3818 Μ

14 3883 15 3892 '
144 3901 170 3967 ι)
188 3904 278 3956 arrae
296 3903 385 3958 rane
404 3901 459 3970 ιιι,
477 3901 513 3958 1o
530 3923 559 3977 p.
577 3909 629 3963 aa
649 3911 678 3962 a
695 3907 734 3975 ιι,
752 3908 779 3966 a.

14 3969 15 4020 l
145 3991 172 4060 ι)
191 3989 236 4045 or.
257 3991 296 4046 n.
317 3993 354 4046 n.
377 3993 428 4060 ιιι,
451 3994 492 4059 ιο,
511 3994 537 4048 7.

147 4081 173 4146 a)
192 4079 264 4135 nra.
283 4082 338 4150 iv,
356 4081 383 4150 s,
401 4083 427 4136 a.
456 4081 494 4151 ν,
513 4083 539 4148 a,
556 4085 602 4139 aa.

14 4161 16 4174 '
148 4165 178 4235 l)
198 4170 269 4225 nra
288 4171 391 4241 1v,r,
410 4169 436 4226 1.
455 4190 480 4231 ο.
500 4172 527 4242 o,
546 4175 571 4227 a

14 4259 15 4300 ;
149 4253 177 4324 ι)
194 4259 266 4318 rna.
285 4261 386 4330 1v,o‚
405 4261 430 4316 1.
