2838 5080
272 349 347 426 ³78
479 345 546 424 Vl.
569 345 631 422 De
653 341 847 422 amttam
869 342 970 424 luris
987 345 1175 442 genitium.

273 529 428 623 civitas,
469 531 617 604 etiamsi
656 525 893 628 publicorum
928 552 1123 604 sacrorum
1154 530 1336 630 participes

270 655 348 702 non
374 627 471 702 alios
494 630 568 700 nisi
593 629 695 701 cirea
720 623 888 715 facerat,
912 623 1054 700 aditum
1079 636 1201 702 tamen
1226 655 1337 704 corun

271 753 319 800 ac
345 723 612 825 spectaculum,
638 725 678 798 ct
701 720 1000 798 venerandorum
1028 729 1138 800 ctiam
1154 729 1191 800 in
1209 727 1338 826 templis

269 826 349 899 suis
374 820 530 898 deorum
560 823 789 920 potestatem
820 822 1036 918 peregrinis
1067 822 1337 916 concelebrem).

270 920 356 998 Sed
381 922 492 995 crant
516 923 623 994 certa
649 918 831 1020 quaedam
856 917 956 992 festa
981 917 1164 994 solemnia
1189 919 1341 997 omnibns

268 1020 325 1092 ita
349 1020 571 1108 communia,
596 1017 639 1090 ut
663 1023 702 1092 et
725 1012 985 1116 legationibus
1008 1015 1170 1114 publicis
1194 1017 1340 1120 undique

267 1118 396 1190 missis
423 1111 788 1190 concelebrarentnr
813 1137 950 1213 resque
976 1110 1100 1188 divina
1129 1115 1178 1188 ab
1216 1115 1269 1189 bis
1299 1121 1340 1190 ci·

266 1214 422 1286 vitatum
447 1237 601 1288 suarum
625 1215 774 1286 nominc
798 1210 919 1302 tieret,
945 1217 984 1284 et
1034 1215 1180 1285 rivatim
1194 1237 1242 1286 ex
1256 1217 1340 1286 omui

269 1311 434 1384 Graecia
472 1312 577 1388 multi
608 1305 843 1388 cuntlnerent
876 1304 936 1380 rel
969 1237 1031 1382 acl
1051 1313 1257 1382 certamina
1285 1309 1340 1384 ob·

267 1407 393 1482 cunda
423 1404 483 1482 vel
516 1403 566 1480 ael
596 1431 713 1480 sacra
744 1402 921 1481 facienda
955 1404 1014 1480 vel
1039 1406 1087 1480 acl
1113 1406 1341 1530 spectandam

266 1529 489 1604 pomparum
515 1501 765 1605 ludorumque
790 1503 1075 1582 solemnitatem.
1114 1505 1178 1578 lax
1205 1505 1341 1604 bocge·

265 1627 358 1676 nere
381 1604 562 1699 imprimis
587 1605 676 1676 sunt
732 1604 887 1676 nattuor
917 1597 977 1674 illi
1003 1599 1081 1688 lneli
1111 1606 1261 1700 magui,
1290 1605 1341 1702 qui

265 1698 479 1800 Olympiae,
503 1695 678 1797 Delphis,
742 1724 870 1775 emeno
904 1700 944 1772 et
975 1700 1014 1772 in
1044 1698 1189 1772 Isthmo
1217 1702 1340 1773 Coriu-

266 1795 346 1872 tbio
372 1803 481 1872 statis
505 1800 580 1870 tem
611 1794 743 1870 oribus
768 1821 908 1893 magna
933 1799 1051 1870 totius
1066 1798 1254 1871 Graeciae
1277 1796 1341 1870 lrc·

264 1897 418 1995 quentia
441 1823 737 1993 peragebantur.
786 1895 840 1968 Et
864 1893 1041 1992 Olympia
1066 1893 1228 1995 quidem,
1260 1921 1341 1995 qno·

264 2017 347 2065 rum
394 1995 552 2090 primam
597 1993 784 2089 originem
822 1998 910 2065 sunt
949 1994 1013 2091 qui
1058 1990 1106 2064 ad
1154 1989 1341 2066 llcrcnlem

262 2096 455 2162 auctorem
484 2087 717 2181 celerant2),
749 2089 960 2162 instaurata
986 2092 1089 2162 certa
1115 2097 1154 2162 ct
1187 2088 1236 2162 ad
1270 2115 1340 2164 erem

265 2190 329 2287 qui
368 2191 506 2285 postea
540 2185 703 2261 obtinuit
731 2185 881 2260 modum
927 2182 1105 2258 ordinata
1148 2185 1199 2260 ab
1230 2186 1341 2287 lpbito

263 2308 370 2380 esse,
419 2280 599 2358 Eleorum
642 2308 711 2358 seu
758 2309 853 2382 rega
903 2307 971 2356 seu
1019 2286 1213 2382 principe,
1263 2311 1342 2358 una-

262 2405 337 2484 que
375 2406 459 2456 cum
495 2378 570 2455 boc
606 2407 630 2454 a
667 2382 869 2480 Lycurgo,
916 2379 1196 2477 Spartanorum
1240 2382 1342 2480 legie-

261 2476 407 2573 latnre,
450 2481 544 2553 satis
580 2481 679 2552 inter
713 2503 845 2552 omnes
886 2481 1056 2569 constat,
1098 2484 1341 2579 memoriaque

262 2579 344 2649 eius
369 2579 425 2650 rei
448 2578 712 2650 vetustissimis
740 2577 952 2652 litterarum
978 2581 1231 2650 monumentis
1262 2603 1340 2648 con·

261 2681 413 2747 servata
446 2698 530 2748 csso
560 2672 783 2772 perhibetur
795 2673 841 2770 ³).
903 2673 984 2745 Nec
1022 2669 1070 2746 cle
1111 2698 1158 2746 cc
1198 2673 1341 2748 multum

261 2769 485 2870 ambigitur,
518 2775 608 2873 quin
641 2775 821 2845 trecentis
857 2777 948 2868 post
986 2767 1145 2842 Troiam
1184 2795 1341 2846 eversam

262 2872 371 2942 annis
407 2866 500 2942 illud
536 2867 676 2942 lactum
709 2867 821 2962 sitl),
858 2868 1006 2942 centnm
1040 2869 1079 2941 et
1120 2870 1212 2942 octo
1245 2872 1341 2943 annis

259 3047 465 3066 ψ.

335 3146 597 3221 1)Viel·supr.c.
617 3150 632 3204 1
650 3143 675 3219 §.
695 3147 721 3214 6,
744 3147 785 3202 13.
821 3147 939 3200 Arcana
961 3147 1101 3219 quaedam
1125 3151 1222 3222 excipi
1247 3148 1340 3204 (labere

259 3235 314 3272 sua
330 3226 435 3292 sponte
453 3229 541 3292 patet,
564 3220 658 3276 veluti
675 3215 955 3290 tlreamcpboriorum
976 3229 1076 3290 operta
1094 3240 1110 3271 a
1129 3227 1270 3275 matronis
1287 3232 1339 3273 tau·

259 3300 320 3354 tum
339 3295 443 3346 Atticis
461 3292 616 3361 celebrata,
636 3291 794 3366 dequibus
814 3289 850 3344 cl.
869 3293 1006 3362 imprimis
1028 3293 1061 3346 Ι..
1081 3293 1206 3350 Prcller.
1224 3297 1255 3346 in
1273 3297 1339 3346 Zim-

258 3379 417 3418 mcrmann.
437 3367 539 3418 lliurn.
558 3367 700 3438 antiquar.
720 3381 787 3416 ann.
802 3363 870 3417 1835
889 3381 935 3414 nn.
954 3363 998 3418 98.
1035 3364 1251 3419 Eleusiniornm
1270 3383 1339 3438 pom·

260 3453 315 3506 paa
324 3436 468 3490 solemnes
487 3440 611 3508 spectari
630 3455 647 3490 a
667 3435 798 3510 quolibet
816 3442 964 3506 poterant:
981 3453 1064 3488 sacra
1081 3455 1188 3490 arcana
1199 3440 1231 3490 in
1245 3436 1339 3508 templo

258 3508 480 3578 peragebantur,
499 3526 555 3581 qno
575 3511 677 3580 myrtis
694 3517 806 3562 tantuna
825 3516 855 3561 et
873 3509 983 3578 epoptis
1003 3508 1140 3562 accedere
1158 3509 1278 3574 licebat,
1294 3507 1338 3560 scel

257 3581 421 3636 initiatione
439 3583 616 3653 peregrinos,
636 3583 764 3634 Graecos
783 3580 938 3646 duntaxat,
962 3597 1022 3634 non
1046 3579 1181 3636 exclusos
1206 3601 1271 3636 esse
1294 3600 1338 3633 no·

258 3659 319 3706 tum
339 3661 392 3708 est.
434 3651 480 3708 (ll.
499 3652 626 3708 Lobcclr.
644 3650 789 3724 Aglaoph.
806 3672 836 3724 p·
855 3653 891 3706 14
908 3669 951 3722 aq.

329 3758 358 3826 2)
378 3761 503 3814 Pausan.
521 3761 561 3828 V,
581 3760 720 3824 7‚t-6.
757 3757 896 3824 Apollod.
914 3760 958 3826 11,
978 3760 1007 3828 7,
1029 3761 1063 3826 Ἰ,
1086 3760 1113 3814 s.
1150 3758 1336 3822 Diodor.ll*,

257 3831 301 3886 53,
323 3833 364 3886 V.
382 3833 426 3886 64.
447 3831 536 3885 acbol.
561 3832 646 3887 Pind.
670 3832 786 3904 olymp.
806 3833 849 3898 Il,
874 3833 892 3884 5
917 3831 965 3886 alii
986 3849 1023 3885 uc
1046 3833 1120 3904 apud
1144 3833 1286 3886 Maiarum
1310 3834 1334 3882 in

255 3901 358 3960 Brsclr.
378 3913 407 3958 et
426 3904 517 3959 cruc.
535 3903 658 3976 Encycl.
678 3912 742 3958 artt.
762 3911 792 3956 ct
810 3901 863 3956 litt.
880 3912 950 3957 sect.
967 3851 1019 3956 (pn
1043 3923 1070 3976 p.
1094 3903 1161 3971 295,
1185 3905 1236 3956 nbi
1257 3907 1333 3957 ctiam

257 3975 332 4030 aliae
352 3975 388 4029 ‹le
408 3975 609 4050 Olympiorum
628 3979 740 4048 origine
757 3974 874 4028 t'abulaa
899 3975 1054 4045 diligenter
1072 3975 1210 4030 collectae
1229 3983 1303 4030 aunt.

241 4105 244 4112 ’
301 4081 357 4210 2933
375 4086 502 4140 Panaca.
520 4085 561 4154 V,
584 4085 635 4153 2⁰,
659 4086 685 4140 l.
723 4082 871 4140 Plutarch.
894 4082 1020 4154 Lycurg.
1043 4101 1068 4138 c.
1092 4084 1119 4138 1.
1153 4084 1257 4138 Maior.
1279 4082 1298 4134 l.
1313 4079 1330 4134 l.

254 4171 282 4226 p.
355 4191 364 4210 .
832 4197 835 4204 .

321 4257 354 4330 e)
375 4259 420 4318 cr.
439 4261 568 4318 crescon.
585 4259 622 4322 r.
639 4261 677 4318 n.
696 4263 748 4335 lp.
762 4261 816 4316 rao
828 4279 888 4335 sqq.
896 4263 926 4317 11
936 4282 962 4332 ρ.
973 4243 1063 4317 nae
1090 4259 1328 4331 cerneremur..

255 4331 410 4393 tostbcnia
425 4335 511 4408 paca
529 4354 591 4408 sqq.
611 4341 641 4389 et
659 4333 709 4391 all.
725 4351 800 4408 qnos
818 4331 898 4388 laud.
915 4333 1074 4389 Hermann·
1091 4335 1128 4390 A.
1142 4337 1193 4389 Gr.
1206 4333 1232 4402 §.
1246 4335 1288 4400 2³,
1305 4329 1327 4384 9.
