2806 5080
224 3815 228 3820 -
286 3778 459 3834 Atheniensi

184 449 189 466 ‚
289 349 362 432 132
439 349 513 424 IV.
541 355 573 422 1.
599 347 659 421 De
685 347 976 450 Spartanorum
991 365 1045 424 ‘re
1063 349 1228 452 publica.

291 531 442 625 tissent,
461 507 559 603 baud
577 526 689 604 dubio
706 527 900 628 empelori,
927 525 974 601 de
990 526 1266 626 hereditatibus,
1292 538 1354 634 epl-

293 629 424 721 oleris,
457 629 496 700 et
521 653 617 727 quae
643 625 689 698 ad
718 631 798 700 vias
828 621 1001 728 publicas
1033 633 1280 727 pertinerent,
1307 659 1354 704 re·

290 753 363 827 ges
377 726 431 823 ⁵),
458 723 640 798 adversus
666 723 898 822 disciplinam
919 721 1108 821 publicam
1135 726 1267 802 delicta
1285 754 1357 825 par·
1392 813 1393 816 Ἴ

290 830 357 899 tim
383 824 536 897 senatus
549 823 603 916 ⁶),
628 825 765 921 partim
791 821 924 920 ephori
936 819 989 916 7),
1013 827 1150 920 partim
1175 824 1236 898 alii
1258 828 1357 922 magi·

292 925 436 996 stratus
467 917 717 992 vindicabant.
774 920 991 994 Poenarum
1023 945 1168 1017 genera
1197 926 1266 994 tria
1293 921 1357 994 lue·

291 1023 393 1112 runt,
418 1014 567 1107 mulcta,
593 1019 727 1115 eapitis
753 1014 971 1107 deminutio,
997 1042 1100 1092 mors
1114 1021 1159 1112 8).
1209 1021 1257 1092 ut
1284 1017 1358 1090 mul·

291 1119 376 1190 otae
409 1112 558 1215 quidem
588 1117 627 1186 in
659 1117 783 1186 causis
815 1111 1021 1188 levioribus
1060 1113 1258 1190 admodum
1294 1118 1359 1190 exi·

321 1215 463 1306 uae⁹),
501 1214 540 1283 in
563 1206 806 1308 gravioribus
837 1237 972 1310 regum
998 1213 1065 1284 aut
1094 1217 1359 1310 magistratuum
1392 1283 1393 1308 3

290 1239 440 1385 delictis
481 1333 753 1406 saepenumero
786 1311 1089 1479 permapnaew).
1148 1311 1280 1409 Capite
1307 1311 1360 1380 mi-

292 1405 506 1496 nuebantur
562 1408 600 1478 ui
635 1402 725 1505 quid
760 1414 894 1480 contra
946 1431 1042 1479 onos
1065 1431 1193 1480 mores
1219 1405 1361 1504 discipli·

290 1527 450 1604 namque
474 1431 663 1599 publicam
689 1504 1031 1598 commisissentss),
1056 1507 1237 1604 imprimis
1257 1511 1363 1578 autem

292 1604 356 1703 qui
387 1607 426 1674 iu
459 1597 560 1673 bello
598 1598 749 1673 timidos
780 1627 821 1673 se
855 1605 928 1674 eti
959 1626 1079 1675 navos
1103 1599 1362 1702 praebuissent,

293 1695 431 1799 quibus
468 1700 580 1770 etiam
612 1702 739 1772 variae
771 1625 1014 1796 turpitudnis
1038 1704 1153 1774 notae
1178 1695 1363 1774 inureban·
1392 1775 1393 1790 ,

291 1796 430 1890 tur¹²).
481 1794 532 1869 Et
558 1792 723 1868 caelibes
751 1821 901 1897 quoque
926 1793 1037 1870 simili
1068 1796 1182 1871 modo
1216 1798 1362 1892 castiga·
1392 1795 1393 1818 ³

289 1889 431 1966 bantur
444 1890 532 1987 ¹³).
572 1891 771 1992 Supplicio
820 1890 1010 1968 alliciendi
1053 1901 1119 1968 aut
1164 1891 1363 1992 strangula-

288 1986 429 2064 bantur
450 1992 676 2082 incarcere,
697 1993 763 2063 aut
782 1993 822 2063 in
841 1989 995 2064 caudam
1017 1988 1305 2066 demittebantur
1317 1986 1364 2083 ¹4).
1392 2063 1393 2078 ἶ

290 2085 468 2206 Scriptae
493 2085 601 2186 leges
627 2085 829 2232 Sparppnis
856 2089 1058 2206 antiquitus
1084 2085 1223 2182 nullae,
1248 2091 1366 2205 postea
1392 2159 1393 2190 ἶ

287 2182 1364 2382 010ῖί3301014101010011ἰέἒο

290 2380 402 2452 lineri
427 2376 720 2478 rempublicam
745 2376 962 2454 iudicabant
972 2381 1030 2473 ¹⁶).

292 2521 491 2534 ..ι-..-

359 2601 391 2673 a)
410 2602 482 2656 vu.
502 2597 528 2674 ς.
547 2604 574 2672 a,
593 2604 639 2659 11.

358 2704 391 2778 0)
414 2708 460 2764 (ll.
478 2709 612 2766 Mueller.
630 2731 657 2784 p.
674 2712 719 2768 95.

358 2813 388 2884 7)
407 2816 477 2871 vu.
497 2813 523 2888 ς.
534 2818 578 2886 12,
595 2819 625 2873 a.

357 2920 387 2988 8)
406 2925 452 2977 De
472 2923 559 2978 exilio
581 2931 610 2978 et
634 2929 762 2998 corporis
784 2931 925 3002 cruciatu,
953 2950 1026 3004 qnae
1050 2936 1186 2993 nonnulli
1211 2936 1366 2992 adnumera·
1392 2995 1393 2998 ,

286 2999 365 3063 runt,
381 2995 441 3049 vid.
460 2996 595 3052 Mueller.
614 3017 642 3069 p.
661 3001 723 3053 222

355 3099 388 3168 9)
409 3102 550 3158 Albense.
567 3105 614 3158 1v
630 3125 659 3178 p.
679 3108 741 3162 140.
759 3109 794 3166 Ε.
814 3109 875 3164 141.
891 3114 927 3166 Α,

357 3203 407 3276 ιο)
427 3209 496 3265 vu.
521 3212 599 3267 rut.
623 3213 729 3273 esau.
755 3234 780 3268 ο.
805 3189 850 3274 aa.
886 3218 987 3292 rsuop.
1012 3239 1037 3276 ο.
1055 3222 1082 3278 o.
1101 3198 1145 3280 r'a.
1181 3222 1260 3277 aaa
1278 3223 1368 3278 mero.

289 3277 412 3332 debon.
431 3280 555 3338 damnat.
574 3304 602 3362 p.
621 3286 683 3340 198.

357 3384 406 3454 11)
424 3387 490 3440 Huc
512 3393 637 3460 pertinet
659 3392 795 3467 Xenopb'.
821 3394 857 3450 de
880 3417 903 3454 r.
922 3397 954 3454 L
973 3401 1014 3456 X.
1032 3401 1058 3458 7.
1083 3401 1119 3457 de
1141 3403 1179 3456 ii·
1207 3405 1260 3477 qui
1283 3400 1369 3475 ὁμοίω

288 3457 389 3512 ordine
408 3459 604 3515 eliciebantur.

358 3562 405 3631 12)
426 3569 569 3640 Tpe'ooms.
605 3568 682 3624 Plut.
706 3574 795 3643 Ages.
822 3595 846 3629 o.
864 3577 909 3632 30.
933 3577 1000 3632 eoll.
1025 3579 1162 3653 Xenoplr.
1179 3601 1204 3635 r.
1225 3579 1369 3648 1..1X‚t

285 3635 313 3690 ⁶.
330 3637 468 3690 Herodot.
486 3639 553 3706 vu,
572 3640 633 3694 231.
663 3643 739 3697 Add.
754 3647 934 3720 wesseling.
955 3651 992 3704 ad
1008 3651 1131 3707 Diodor.
1140 3655 1228 3722 XIX,
1249 3657 1294 3710 70.
1323 3654 1370 3708 ue

286 3710 369 3762 viora
387 3709 478 3834 duptp
495 3709 614 3766 affectos
634 3712 767 3786 Tbuoyd.
787 3719 832 3784 V,
857 3722 895 3775 34
917 3741 967 3776 eos
990 3731 1090 3798 narrat
1111 3727 1161 3798 qui
1185 3725 1369 3800 Sphaoteriee

480 3801 514 3835 us
531 3802 563 3836 se
582 3784 731 3841 dederant.

356 3884 648 3962 13)Plst.1.yourg.
668 3911 693 3950 o.
713 3894 757 3949 lb.

357 3992 407 4064 14)
428 3995 474 4053 Cf.
492 3999 603 4052 inttnd
616 3999 750 4073 Thucyd.
763 4003 788 4072 1,
808 4003 860 4060 134
879 4008 1096 4084 ap.Poppon.1‚
1116 4015 1135 4068 0
1152 4033 1180 4086 p.
1191 4014 1248 4070 198
1266 4019 1325 4068 not.
1336 4011 1372 4066 14.

358 4098 408 4167 lb)
425 4101 552 4175 Lycurgi
570 4105 702 4174 rbetram,
720 4095 759 4180 po)
771 4109 889 4184 χρῆσθαι
904 4113 994 4185 νόμοις
1008 4117 1156 4194 ἐγγράφοις,
1177 4139 1221 4193 ep.
1234 4120 1375 4188 PlutLy-

287 4185 366 4238 curs.
386 4190 410 4225 e.
430 4175 473 4240 13,
492 4197 544 4230 eur
561 4177 722 4234 fabulosam
741 4184 900 4237 iudioemus
918 4204 979 4241 non
999 4208 1071 4262 opus
1084 4199 1127 4244 est
1140 4211 1300 4263 exponere.
1327 4196 1375 4245 Ge·

286 4245 380 4294 terum
399 4243 436 4298 ef.
454 4248 588 4304 Mueller.
603 4253 678 4306 Dor.
698 4254 714 4306 1
730 4263 757 4326 p.
765 4256 826 4311 135.
848 4256 1024 4317 Nitzsob.de
1037 4260 1376 4338 histor.llomer.1p.61·

354 4344 404 4422 16)
424 4350 471 4407 (ll.
488 4353 636 4417 Plutarch.
655 4359 790 4432 apophth.
808 4362 877 4420 Lao.
897 4371 965 4428 tom.
983 4369 1014 4426 11
1032 4389 1063 4444 p.
1082 4371 1133 4426 131
1156 4377 1185 4427 et
1203 4372 1271 4428 147.
1307 4370 1377 4424 Plnt
