2840 5084
234 319 260 388 2
653 303 911 380 Prooemium.

237 492 377 566 Verum
403 486 499 562 hanc
524 486 668 561 tentum
691 511 819 560 rerum
844 482 1115 559 multitudinem
1142 486 1182 560 et
1204 489 1325 560 varie·

236 591 370 678 tatem,
403 589 550 660 etiamsi
582 587 676 658 satis
702 587 830 657 omnia
861 580 1057 682 explorari
1082 586 1121 657 et
1144 581 1325 657 illustrari

237 689 350 786 atque
377 687 431 757 ita
456 686 556 756 inter
572 708 614 756 se
634 685 734 755 necti
754 685 793 754 et
809 682 940 752 vinciri
956 682 1128 779 possent,
1154 685 1197 754 nt
1212 706 1324 754 unnm

235 785 413 884 tanquam
440 806 581 879 corpus
612 776 833 877 disciplinae
864 779 1047 852 existeret
1077 776 1252 877 partibus
1282 804 1326 852 ac

235 878 413 954 membris
438 881 527 977 apte
557 879 832 975 compositum,
866 877 1046 948 maiorem
1079 883 1205 950 mmen
1235 901 1326 974 pro-

136 1021 139 1030 *
233 975 336 1052 secto
356 977 395 1049 et
413 972 634 1075 ampliorem
652 971 830 1064 dicemus,
856 997 966 1071 quam
981 997 1079 1074 qnae
1091 977 1327 1048 semestrinm

234 1071 449 1150 scholarum
482 1073 608 1170 spatio
641 1071 708 1142 aut
730 1071 960 1168 pertractari
986 1067 1185 1144 commode
1210 1096 1233 1143 a
1259 1068 1327 1142 do·

236 1167 410 1245 centibus
441 1175 508 1242 aut
540 1170 686 1267 percipi
718 1192 742 1239 a
767 1163 999 1240 discentibus
1051 1170 1158 1245 ossit.
1208 1168 1326 1241 Prae-

235 1271 342 1343 terea
366 1263 560 1356 latendum
586 1271 646 1338 est
670 1290 747 1336 non
772 1290 916 1363 paucas
941 1289 992 1337 ex
1016 1195 1219 1340 illisrebus
1238 1290 1328 1362 pro·

263 1369 322 1438 ter
345 1363 672 1439 monumentorum
700 1359 886 1434 deiectum
913 1387 960 1435 ne
983 1388 1100 1462 posse
1116 1359 1266 1462 quidem
1282 1359 1339 1434 ad.

234 1463 359 1536 austae
385 1458 608 1559 disciplinae
633 1463 803 1532 rationes
834 1461 930 1532 satis
963 1457 1158 1558 explorari
1191 1461 1230 1532 et
1266 1484 1330 1531 co-

235 1561 390 1660 gnosci:
412 1556 508 1632 alias
521 1555 669 1656 plenius
682 1560 795 1656 atque
810 1559 1024 1640 accuratius
1037 1581 1166 1649 nosse,
1183 1556 1332 1630 etiamsi

235 1660 440 1756 possimus,
465 1659 528 1728 vix
545 1657 668 1726 tamen
690 1657 1004 1752 operaepretium
1022 1652 1209 1751 videri³):
1234 1651 1331 1726 alias

236 1753 397 1853 deniqne
427 1753 588 1852 propter
618 1753 800 1824 naturam
825 1775 929 1824 suam
964 1753 1005 1824 at
1033 1779 1079 1826 ue
1116 1745 1331 1826 ubertatem

234 1855 431 1950 propriam
458 1848 530 1923 sibi
556 1845 911 1947 contemplationem
937 1853 977 1922 et
1002 1778 1237 1948 disciplinam
1265 1874 1332 1947 po-

236 1947 393 2022 stulare.
442 1949 576 2048 ltaque
610 1973 722 2048 quemn
756 1971 902 2020 omnem
930 1947 1165 2020 Graecorum
1190 1946 1332 2019 Roma·

236 2071 448 2145 norumque
479 2048 593 2118 vitam
626 2045 872 2143 antiquitates
904 2043 1105 2142 complecti
1136 2069 1213 2117 non
1272 2069 1330 2116 os·

237 2147 326 2234 sint,
340 2141 617 2216 contrahantur
631 2167 788 2212 necesse
802 2145 862 2214 est
875 2144 912 2211 in
923 2143 1184 2240 angustiorem
1199 2070 1332 2216 erlem

236 2265 363 2312 rernm
391 2264 487 2337 quae
514 2241 553 2310 et
577 2234 716 2334 dignae
743 2239 902 2336 cognitu
926 2243 994 2310 aut
1017 2242 1271 2332 necessariae,
1297 2239 1334 2312 et

238 2339 403 2410 arctiore
430 2332 624 2406 affinitatis
649 2332 801 2407 vinculo
826 2338 926 2408 inter
951 2362 993 2410 se
1020 2339 1245 2408 coniunctae
1259 2337 1332 2408 ita·

237 2433 581 2627 {tillidi
601 2429 1333 2627 {ltiliitiittltizssssl'it

236 2624 398 2701 l'ormam
433 2622 597 2700 describi
632 2629 671 2698 et
703 2629 881 2723 componi
913 2631 1078 2723 possint.
1125 2629 1214 2700 Jam
1238 2653 1332 2701 vero

237 2749 351 2824 qnum
378 2726 499 2796 omnis
525 2719 752 2821 populorum
778 2726 854 2795 vila
877 2724 915 2794 in
941 2723 1080 2822 triplici
1105 2751 1232 2798 rarum
1260 2749 1331 2823 ge·

235 2847 329 2896 nere
363 2824 552 2910 vertatur,
586 2823 849 2919 occupataque
881 2823 932 2892 sit
966 2825 1033 2894 aut
1063 2825 1330 2921 inprocuran·

237 2915 296 2992 dis
320 2914 438 2992 rebus
463 2915 511 2990 ad
537 2919 676 2994 victum
707 2915 923 3018 cultumque
945 2923 1120 3018 corporis
1136 2916 1329 2992 luendam·

238 3015 311 3116 que
335 3041 415 3090 rem
432 3012 661 3089 -iamiliarem
687 3019 933 3106 necessariis,
958 3021 1085 3090 autin
1110 3019 1156 3093 iis
1182 3012 1331 3106 studiis,

263 3139 334 3187 uae
365 3110 413 3186 ad
446 3137 572 3187 rerum
606 3109 817 3186 divinarum
851 3111 1172 3215 humanarumque
1198 3116 1333 3211 cogni-

236 3138 378 3282 iionem
413 3212 452 3284 et
484 3205 679 3282 liberalem
712 3210 825 3282 aniani
852 3213 993 3284 cultum
1019 3215 1133 3312 etque
1159 3208 1332 3284 oblecta·

234 3309 379 3380 tionem
413 3309 622 3404 pertinent,
655 3307 721 3377 aut
753 3304 914 3408 denique
945 3311 984 3380 in
1016 3309 1113 3382 civili
1145 3307 1332 3382 societate

237 3429 283 3476 ac
308 3429 350 3476 re
375 3402 527 3502 publica
560 3399 791 3495 ordinanda,
825 3405 1139 3498 administranda,
1169 3402 1332 3481 tuenda:

236 3525 286 3573 ex
313 3499 370 3572 his
396 3498 517 3572 tribus
542 3524 668 3573 rerum
693 3500 901 3597 generibus
925 3501 962 3574 id
985 3502 1085 3604 quod
1102 3504 1224 3601 primo
1242 3500 1331 3573 loco

235 3600 431 3697 posuimus
470 3599 685 3670 accuratius
723 3596 886 3700 dataque
926 3626 948 3673 o
979 3625 1045 3674 era
1084 3601 1331 3699 perscrutari,

238 3697 385 3774 etiamsi
411 3693 548 3794 aliquid
577 3692 744 3770 sortasse
770 3701 918 3770 otiosae
944 3625 1225 3786 delectationis,
1251 3697 1333 3770 veri

237 3793 364 3867 tamen
392 3817 436 3865 ac
463 3790 576 3866 solidi
608 3787 753 3866 fructus
787 3820 921 3892 parum
947 3793 1090 3870 habere
1114 3791 1331 3890 videtum:

311 3997 340 4063 3)
359 3998 510 4054 Ruhnken
534 3997 568 4053 dc
584 3999 653 4052 doct.
671 4001 782 4056 umbrat.
809 4000 968 4076 (opuscul.
987 4003 1080 4074 lugd.
1099 4005 1165 4058 Bet.
1184 3997 1282 4068 1807.)
1300 4022 1329 4074 p.

240 4069 306 4123 119:
319 4071 541 4144 paedagogorum
559 4077 673 4144 ingenite
690 4075 874 4146 colloquendue
891 4083 954 4130 eust
971 4077 1086 4130 inuisae
1102 4075 1136 4128 de
1147 4084 1264 4128 veteram
1276 4075 1331 4128 cal·

240 4148 302 4208 cete,
322 4143 432 4212 aceede,
442 4143 540 4210 fibulu
558 4152 586 4198 ct
601 4145 721 4214 paenulis
740 4147 945 4218 compilationes.

308 4247 338 4312 l)
358 4247 624 4372 Opiflcimtcsqna
641 4251 779 4320 βάναυσοι,
804 4256 866 4321 egri
881 4255 1004 4317 cultura,
1022 4271 1069 4307 ree
1081 4256 1231 4324 pecuaria,
1254 4266 1329 4304 mer·

238 4325 338 4372 cetura
363 4339 476 4393 araque
498 4318 583 4373 husus
607 4326 722 4390 generis
746 4327 876 4396 quamvis
899 4343 959 4380 non
983 4326 1167 4380 mediocriter
1186 4327 1271 4378 etiem
1290 4322 1327 4376 ad
