2806 5080
1 1109 2 1193 l
70 1046 264 1230 idldbtius,
290 1143 451 1228 avarius,
477 1137 665 1212 crudelius
691 1148 870 1236 agerent,
902 1145 969 1212 aut
999 1147 1042 1212 nt
1073 1165 1159 1213 nue-

190 373 278 451 111.
315 375 375 446 De
400 371 512 446 rebor
529 371 699 472 publicis
712 368 765 446 'in
789 373 1021 448 verbereum.
1109 377 1156 448 91

73 553 223 627 aliorum
250 557 430 627 instinctu
464 563 530 628 aut
561 559 694 628 virium
727 554 867 628 liduaia
899 557 937 630 et
969 555 1158 632 libertatis

73 679 194 724 amore
222 661 355 724 eontra
383 651 571 726 dominum
600 652 794 726 moliretur
818 656 871 746 ⁹).
911 653 1028 743 erod
1045 681 1157 756 quum

72 753 261 847 imperium
280 775 354 820 non
372 753 505 822 civium
526 749 720 824 voluntate
747 757 785 823 et
810 776 950 841 amore,
978 751 1044 824 sed
1061 778 1157 826 mer·

73 850 228 919 senariis
269 850 389 945 copiis
428 857 493 921 arrt'
532 851 726 921 extraneis
759 846 937 920 subsidiis
963 852 1157 941 niteretur,

72 970 138 1016 non
186 947 314 1016 oleret
332 970 406 1016 non
423 942 558 1044 fragile
571 943 804 1018 etinlirmum
821 971 917 1017 esse.
943 945 1160 1020 Accedebat

156 971 303 1140 lerique
328 1046 479 1141 tyranni
505 1046 623 1140 ipsius
650 1045 760 1140 regni
786 1045 885 1114 vitiis
911 1047 1082 1141 corrupti
1100 1047 1158 1116 in-

71 1261 242 1308 cessores
268 1234 453 1308 baberent
471 1240 700 1329 instrenuus,
725 1239 963 1330 temerarios,
988 1235 1159 1311 luxurio·

0 1379 15 1442 3
71 1359 150 1452 sos,
193 1337 257 1433 qui
283 1332 460 1453 traditam
487 1361 509 1407 a
534 1333 709 1434 patribus
723 1337 963 1478 ¹potestatem
990 1339 1160 1460 peternis

71 1433 420 1623 tttltttttttt
443 1457 534 1602 'lt
551 1436 779 1602 Piililial'
797 1433 1161 1620 eltjttl'ttt

1 3165 2 3190 1
74 3142 329 3235 enrreiperent.
378 3139 441 3213 [lx

1 3753 2 3776 p
77 3709 192 3764 tnebeat
215 3717 244 3771 et
267 3711 381 3764 rusticis
404 3714 582 3782 potissimum

71 1621 181 1698 breve
214 1631 363 1723 tempus
394 1621 793 1718 subvertebantur),
825 1629 1005 1724 imprimis
1038 1625 1159 1725 Sper·

72 1725 241 1794 tuoruum
274 1749 367 1822 ope,
411 1726 474 1824 qni
517 1726 749 1822 optimatium
791 1748 941 1822 semper
976 1720 1160 1817 lautores,

70 1825 307 1922 promptique
333 1829 442 1894 erant
468 1818 515 1893 ad
550 1821 692 1893 auxilia
725 1826 859 1917 eontra
892 1826 1076 1921 tyrannos
1108 1818 1161 1894 l'e-

70 1917 257 2010 renda¹²).
308 1917 551 2016 Recuperata
577 1922 701 1989 autern
728 1915 906 1989 libertate
932 1922 968 1988 in
996 1917 1079 1990 aliis
1107 1921 1160 1990 oi-

70 2014 248 2086 vitatibus
274 2019 509 2114 optimatium
537 2017 753 2113 imperium,
780 2011 890 2115 quale
923 2013 1067 2108 luerat,
1100 2041 1160 2086 re·

70 2115 255 2204 stitutum,
289 2112 457 2204 maliis,
489 2112 554 2186 ubi
586 2114 730 2185 tractae
767 2108 900 2184 borum
934 2137 1027 2210 opes
1053 2116 1162 2184 erant

71 2206 252 2378 plabpque
286 2215 478 2308 creverat,
510 2208 707 2311 popularia
726 2213 801 2282 “rei
831 2206 1005 2308 publicae
1038 2208 1162 2286 lorum

70 2309 235 2380 iurauit.
1021 2317 1024 2326 “

521 2457 552 2528 a.
576 2437 706 2515 tht.

166 2556 345 2627 Celerum
398 2580 440 2627 er
465 2553 559 2628 haee
585 2563 758 2652 tempora
783 2555 821 2626 in
843 2555 921 2630 tam
948 2547 1163 2651 multipliei-

72 2647 140 2723 bus
166 2579 549 2750 rerumpublicarum
577 2647 893 2726 conversionibus
918 2677 995 2746 nnn
1030 2653 1162 2722 nrirum

72 2755 128 2820 est
154 2753 348 2822 exstitisse
375 2753 513 2824 multos
545 2745 685 2850 ubique
716 2753 821 2822 viros
856 2749 1066 2847 sapientes,
1126 2750 1163 2820 ui

72 2845 116 2918 de
166 2851 307 2946 optima
351 2850 500 2921 ratione
544 2849 599 2920 rei
642 2842 818 2944 publicae
873 2773 1162 2918 constituendae

73 2951 108 3015 et
134 2942 452 3019 administrandae
485 2942 657 3018 subtilius
710 2948 934 3032 nael-erent,
967 2947 1162 3039 artemque

73 3040 258 3142 quandam
292 3050 330 3113 et
361 3041 595 3212 disciplinam
629 2971 746 3114 civilis
776 3038 1001 3139 prudentiae
1040 3042 1163 3110 mente

492 3163 599 3213 orum
624 3161 781 3220 numera
808 3138 988 3236 imprimis
1010 3131 1164 3207 lnermrt

73 3243 215 3333 septem
229 3234 282 3306 illi
297 3239 360 3336 qni
374 3233 548 3309 dieantur
563 3239 768 3406 sapientes,
783 3236 846 3333 qui
856 3235 1163 3331 omuespraeter,

1 3373 2 3380 κ
73 3333 259 3406 Milesium
287 3333 448 3426 'l'lralen,
475 3337 613 3408 civitati
643 3358 689 3405 ns
720 3335 799 3404 suis
831 3328 1078 3429 praefuerunt
1108 3326 1163 3402 le-

75 3429 258 3531 gibusque
289 3428 378 3504 latis
411 3438 477 3505 aut
508 3428 767 3504 administrata
799 3432 991 3528 sapienter
1022 3452 1065 3502 re
1093 3453 1163 3526 pu-

76 3573 265 3586 -n——ss

140 3637 173 3706 9)
192 3638 235 3702 Id.
254 3638 293 3696 ih.
312 3637 340 3706 9,
358 3639 376 3692 2
393 3656 454 3712 sqq.
481 3639 556 3694 ilina
575 3640 661 3700 etiam
678 3639 796 3762 tpranni
815 3635 928 3710 plebem
947 3634 1086 3687 urbanam
1105 3650 1164 3686 me-

625 3729 685 3783 perr
709 3729 741 3763 ue
766 3708 903 3782 populum
930 3709 1064 3777 aeoupart
1083 3703 1165 3758 vole·

1 3813 2 3822 η
76 3779 150 3834 bant.
189 3781 234 3842 (ll.
256 3783 291 3838 de
313 3783 470 3836 Periandro
488 3785 574 3852 Diag.
592 3729 687 3836 lineet.
704 3783 728 3846 1,
747 3781 790 3838 98.
828 3776 1080 3834 uernularum.
1100 3777 1165 3848 μδ

77 3851 159 3907 Koel.
181 3853 216 3906 de
236 3855 389 3908 Pisistrato
409 3857 517 3909 ltleura.
535 3857 649 3914 Putea.
671 3873 695 3910 ο.
717 3854 743 3908 7.
761 3853 798 3908 de
818 3851 1073 3924 Cephalleniorum
1093 3866 1164 3921 quo·

80 3923 139 4014 dem
157 3933 282 3996 tyranno
302 3925 447 3980 lleraelid.
467 3947 495 4000 p.
515 3927 559 3988 19.

145 4029 193 4103 10)
212 4035 335 4096 Aristot.
355 4034 395 4100 V,
412 4034 438 4103 8,
458 4037 502 4098 20,

148 4139 191 4200 11)
207 4139 248 4194 11.
267 4139 305 4202 ih.
323 4141 357 4208 9,
382 4142 418 4196 21
442 4159 506 4213 sqq.
541 4141 795 4200 enumerationem
821 4137 967 4199 mimum
990 4136 1023 4188 in
1043 4135 1165 4196 Graeeie

80 4213 261 4276 tyrannorum
280 4213 341 4268 vid.
360 4231 404 4285 ap·
426 4210 630 4272 Waebsmutb.
649 4233 677 4286 p.
695 4212 757 4266 274.

150 4315 195 4387 12)
210 4312 369 4376 ¹t‘laturalr·
396 4318 431 4371 de
455 4319 570 4391 malign.
595 4317 703 4376 Herod.
727 4333 751 4374 ο.
774 4317 819 4377 at.
846 4315 881 4371 nl.
908 4315 1041 4388 Tbueyd.
1066 4317 1095 4384 1,
1123 4313 1165 4368 18.

82 4379 209 4446 Mueller.
227 4393 296 4456 Dor,
314 4393 330 4447 1
346 4411 375 4466 p·
395 4391 455 4448 160·
