2838 5080
298 385 370 475 418
495 401 558 476 VI.
592 399 651 472 De
676 391 865 468 institutis
889 389 988 465 ioris
1008 388 1194 484 gentiano.

300 583 409 660 mode
435 589 577 684 posset,
603 581 640 650 in
668 575 852 650 coloniam
878 576 997 647 emitti
1023 567 1168 647 oraculi
1192 571 1292 640 iussu
1315 588 1362 634 so·

230 681 235 696 '
302 681 459 773 lehat9).
518 675 596 750 Sed
641 677 804 746 omnium
846 674 1008 744 maxime
1046 669 1224 766 frequens
1262 686 1363 759 genus

304 805 430 854 earnm
456 773 538 867 l'uit,
566 797 661 873 quae
688 772 998 843 commerciorum
1026 769 1257 852 exterorum,
1281 759 1364 828 nari-

301 878 470 974 gutionis
508 897 552 942 ac
584 871 820 941 mercaturae
853 868 980 958 gralia
1013 859 1291 944 condebantur,
1329 877 1366 923 ex

304 999 379 1074 quo
409 993 551 1070 genere
592 964 718 1064 plerae
749 991 793 1036 ue
825 964 1127 1059 Megarensium,
1170 949 1367 1028 Corinthio·

302 1095 396 1161 rum,
423 1065 668 1152 Milesiorum,
700 989 954 1159 plurimaeque
974 1056 1208 1129 Achaeorum
1225 1061 1262 1124 et
1279 1043 1368 1119 Chal

303 1165 507 1238 cidensium
532 1159 694 1244 suerunt,
726 1183 836 1257 quum
861 1156 898 1228 in
925 1153 1141 1253 longinquis
1173 1149 1369 1259 ignotisque

194 1327 197 1340 ,
305 1264 383 1334 orie
408 1266 578 1358 interque
603 1252 789 1328 barbaras
814 1257 988 1328 nationes
1014 1253 1139 1324 certae
1171 1249 1370 1355 mera-arou-

303 1357 376 1432 bus
400 1360 579 1456 tutaeque
607 1355 792 1426 stationes
819 1378 863 1423 ac
889 1348 976 1422 sora
999 1347 1275 1448 quaererentur
1297 1337 1370 1412 lau·

305 1455 450 1556 liorque
476 1455 587 1526 etiam
614 1447 895 1523 adremmon
921 1444 1047 1519 aditus
1058 1446 1117 1536 ¹⁰).

746 1641 780 1721 i.
805 1629 950 1710 XXVl.

404 1787 515 1876 erae
541 1786 665 1860 autem
690 1784 749 1858 his
774 1783 934 1860 coloniis
960 1807 1043 1880 cum
1069 1775 1285 1876 originibus
1315 1772 1374 1843 suis

286 1887 521 1976 „coniunctio
543 1887 660 1983 atque
686 1880 926 1956 necessitudo
951 1883 1179 1969 intercessit,
1207 1873 1299 1946 haec
1320 1891 1373 1965 pro

307 1985 412 2053 vario
445 1979 592 2054 illarum
622 2005 767 2078 genere
807 1983 919 2079 atque
959 1973 1147 2074 condendi
1185 1966 1375 2056 rationu),

305 2076 476 2150 locorum
510 2080 789 2176 propinquitate
830 2083 895 2149 aut
926 2073 1222 2241 longinquitate,
1261 2063 1375 2180 opibus

306 2173 465 2273 denique
491 2201 536 2248 ae
560 2178 731 2272 potentia
756 2171 987 2249 coloniarum
1012 2197 1074 2242 mu
1091 2167 1211 2266 tiplex
1237 2191 1280 2236 ac
1297 2185 1376 2276 varra

306 2269 388 2344 suit.
445 2272 486 2342 ln
518 2276 731 2344 uuiversum
765 2275 889 2344 autern
928 2273 1049 2344 omnis
1079 2264 1145 2338 illa
1178 2265 1375 2336 coniunctio

308 2365 609 2442 commodissime
637 2393 718 2440 curn
744 2395 790 2442 ea
816 2369 1028 2466 comparari
1053 2365 1193 2462 potest,
1232 2383 1325 2458 quae
1345 2353 1376 2422 li·

308 2459 413 2534 heris
449 2469 509 2536 esi
550 2489 632 2534 cum
665 2461 905 2566 parentibue3
944 2458 1258 2564 quemadmodum
1290 2457 1377 2527 elien

306 2561 466 2654 matrum
490 2557 724 2656 liliorumque
752 2561 964 2634 nominibus
990 2579 1268 2728 saepenumero
1297 2555 1376 2622 inter

210 2667 213 2674 ’
306 2671 350 2730 ee
376 2654 694 2752 utisoleha11t2).
744 2657 879 2755 ltaque
904 2659 1002 2731 sicut
1026 2655 1051 2728 li
1081 2680 1186 2746 eros,
1223 2645 1377 2752 quamdin

377 2911 406 2977 9)
425 2907 521 2964 Strui».
540 2913 595 2979 Vi,
614 2913 629 2965 l
648 2932 675 2984 p.
693 2915 746 2966 257
766 2913 801 2966 ele
821 2906 1067 2974 Chalcidensibus,
1091 2913 1139 2983 qni
1160 2929 1226 2964 cum
1246 2905 1376 2965 Messenii·

306 2984 450 3052 Rhegium
470 2984 673 3036 condiderunt:
692 2988 786 3055 κτὶομο
804 2985 832 3037 d'
850 2980 901 3038 tert
915 2981 942 3037 ui
957 2981 1062 3056 Ῥήγιον
1078 2983 1251 3046 Χαλκιδέων,
1274 2978 1314 3038 nile
1327 2971 1375 3031 aad

303 3054 423 3128 χρησμὸν
441 3055 634 3110 erronearum
649 3056 685 3126 τῷ
699 3057 834 3109 Ἀπόλλωνι
851 3057 885 3108 dt'
901 3055 1018 3128 ἀφορίαν,
1032 3053 1131 3126 ὕστερον
1147 3057 1176 3108 ἐκ
1197 3051 1304 3124 Adqrdr
1318 3052 1376 3103 ἆοοι·

305 3131 381 3194 arrium
398 3125 470 3199 deripi
485 3143 572 3193 quem
616 3125 659 3178 cf.
679 3129 800 3197 Dionye.
819 3131 889 3180 Ant.
908 3130 995 3184 Rom.
1019 3129 1046 3193 1,
1071 3128 1105 3179 lo
1130 3125 1159 3178 et
1182 3127 1230 3180 23.
1272 3127 1334 3178 lull.
1349 3117 1375 3169 td

306 3200 407 3250 lustin.
427 3200 547 3264 XXIV,
565 3199 598 3263 d,
617 3198 647 3263 l,
667 3197 702 3250 de
720 3200 859 3252 italorum
877 3193 1056 3251 vere'eaero.
1092 3199 1137 3249 De
1156 3198 1329 3250 conscerati·
1344 3189 1375 3241 vl·

308 3279 415 3321 uturum
441 3273 588 3322 civitatum
615 3270 732 3324 decimi·
755 3271 814 3326 vid.
841 3270 972 3343 exempla
998 3265 1048 3342 ep.
1072 3267 1210 3322 Mueller.
1236 3271 1305 3322 Dor.
1324 3266 1337 3317 Ι
1354 3279 1374 3331 f·

306 3339 692 3407 mmmmm
1022 3367 1023 3374 κ

378 3442 424 3510 10)
444 3445 519 3498 Addi
538 3452 633 3518 potest
649 3464 853 3520 nonnunquam
873 3447 1001 3502 coloniae
1020 3450 1105 3502 ettam
1124 3447 1196 3502 helli
1215 3465 1302 3501 caute
1323 3457 1373 3494 0⁰¹·

308 3516 396 3578 ditae,
421 3516 457 3567 ad
480 3518 613 3569 tuendam
641 3519 764 3591 aliquam
787 3523 936 3588 regionem
964 3520 999 3572 ab
1026 3518 1149 3572 hostium
1169 3515 1372 3590 ipenreionihru,

307 3596 357 3640 aut
375 3593 407 3638 ui
426 3592 566 3641 contineri
584 3589 698 3642 facilius
717 3593 747 3643 in
766 3591 905 3663 obsequio
923 3591 1046 3656 euhieeti
1071 3599 1200 3662 pensent.
1244 3593 1308 3644 Euo
1327 3601 1373 3657 per·

306 3663 399 3712 tinent
417 3678 490 3730 quae
510 3659 545 3712 de
563 3661 728 3732 Amphipoli
748 3663 921 3732 Thucydi,
942 3665 1002 3721 10⁰.
1032 3663 1086 3732 1V,
1107 3663 1168 3728 1⁰2,
1195 3663 1232 3716 de
1252 3656 1372 3716 Heraclea

306 3729 461 3784 Trachinia
477 3733 528 3798 ΙΙΙ,
547 3732 582 3786 92
600 3732 698 3790 refert.
786 3781 789 3790 ‚
1117 3777 1122 3790 .

362 3836 408 3902 ’1)
429 3839 504 3892 Nam
523 3837 642 3892 mulium
662 3835 738 3893 haud
757 3841 843 3896 dnhie
862 3845 1009 3908 intererat,
1028 3846 1123 3894 utrum
1142 3839 1197 3894 rite
1218 3859 1253 3893 ee
1276 3834 1371 3917 puhliqo

250 3911 252 3916 '
305 3909 427 3962 coneilio
447 3927 482 3961 nn
501 3929 552 3981 per·
569 3915 761 3964 recensionem
780 3915 895 3968 colonia
913 3915 1037 3976 condita,
1057 3931 1093 3966 ex
1114 3911 1214 3966 eadem
1234 3926 1328 3966 omne·
1342 3921 1371 3954 0¹·

306 3983 395 4032 vitate
414 3983 499 4048 minei,
519 4000 554 4034 au
576 4001 611 4034 ex
631 3983 759 4047 pluribus
778 3985 955 4039 die-crurum
975 4003 1089 4058 quoqne
1113 3987 1246 4056 stirpium
1273 3975 1373 4034 nonini-

303 4050 358 4103 hne
377 4055 457 4104 mixti
477 4061 581 4118 creent,
600 4073 701 4125 reapee
721 4057 844 4128 denique
864 4065 893 4111 et
911 4067 989 4112 certa
1006 4061 1128 4123 ratione,
1148 4075 1185 4112 an
1205 4057 1319 4107 nomine
1349 4065 1373 4096 ο·

303 4124 359 4174 tine
379 4132 408 4176 et
428 4120 534 4179 οἰκιστοῦ
561 4123 682 4180 alicuine
712 4139 846 4200 respectu
875 4129 1043 4202 metropolin
1067 4134 1153 4182 emet.
1199 4127 1245 4181 Gi.
1264 4125 1307 4177 W

301 4192 391 4247 much.
410 4197 433 4262 1,
455 4197 467 4248 l
487 4216 515 4266 p.
526 4197 588 4250 103.

372 4293 404 4368 2)
422 4301 492 4354 Viri.
511 4301 666 4373 Spenliem.
685 4303 724 4357 de
745 4319 798 4358 usu
824 4313 853 4359 et
879 4314 984 4379 praest.
1008 4281 1228 4361 numism-tom.
1247 4306 1305 4371 lp.
1323 4291 1371 4348 577.

300 4369 344 4422 lta
360 4373 391 4424 in
409 4369 528 4427 loedere
546 4375 702 4430 Locrorum
726 4378 1000 4451 Epizephyriorum,
1025 4377 1157 4452 quemvis
1183 4367 1373 4432 commentitie
