2806 5080
323 1155 434 1241 lv.
466 1157 520 1246 1.
548 1162 645 1245 lte
673 1160 1087 1262 spartanorum
1113 1181 1182 1247 re
1208 1182 1306 1263 pu·
1394 1153 1395 1164 '

729 1297 904 1383 blico.
1044 1297 1049 1308 '

746 1471 890 1489 m

775 1613 806 1694 §.
826 1604 855 1679 l.

269 1697 449 1830 Dorica
482 1781 581 1856 gens
620 1758 901 1858 antiquissimas
940 1757 1052 1833 sedes
1090 1761 1129 1831 in
1161 1757 1350 1834 Thessalia
1394 1705 1395 1800 l

207 1861 226 1868 ”
267 1864 448 1944 hahuisse
473 1869 623 1964 dicitur,
647 1869 713 1946 ubi
740 1897 790 1946 ex
814 1869 1033 1948 Phthiotide
1057 1875 1095 1946 in
1120 1861 1351 1948 Hestiaeotin
1394 1939 1395 1966 ÷

268 1965 308 2038 et
332 1965 380 2040 ad
396 1966 507 2068 Olym
534 1995 595 2074 um
613 1970 827 2070 Ossamqne
841 1978 988 2044 montes
1004 1975 1252 2062 concesserit,
1277 1970 1350 2043 hino
1394 2013 1395 2056 3

268 2070 393 2138 autem
412 1996 573 2164 expulsa
589 2064 636 2138 ad
649 2066 813 2139 Pindum
830 2093 875 2140 ac
889 2064 1068 2166 deinceps
1083 2067 1221 2142 relicta
1238 2065 1351 2142 Thes·

267 2157 363 2233 solia
388 2165 491 2235 circa
516 2188 598 2236 eam
622 2163 827 2260 ‘regionem
864 2162 1099 2256 consederit,
1131 2190 1233 2267 quae
1264 2167 1353 2239 inter
1394 2157 1395 2176 ¹

266 2257 404 2330 Oetam
431 2260 470 2332 et
493 2259 726 2333 Parnassum
752 2257 801 2334 ah
828 2263 911 2359 ipsa
936 2259 1095 2351 Doridis
1119 2281 1269 2336 ‘nomen
1299 2287 1353 2334 ac-

265 2357 366 2474 cepit
380 2357 426 2450 ¹).
477 2357 655 2474 Ceterum
681 2355 832 2476 admisti
856 2361 895 2431 in
920 2357 1180 2433 Hestiaeotide
1197 2362 1353 2433 Dorien-
1394 2383 1395 2470 Ρ

262 2450 1256 2656 littllttlltttltlttttlll‘itttttt
1270 2480 1354 2626 'ili

262 2649 393 2743 gentis
418 2646 540 2719 trihus
564 2646 823 2748 Hylleensium
847 2651 998 2722 nomine
1029 2648 1244 2750 appellata:
1274 2648 1354 2724 reli·

264 2766 363 2842 quae
388 2743 583 2842 Dymanes
607 2743 760 2820 suerunt
786 2754 825 2820 et
849 2745 1051 2846 Pamphyli
1064 2751 1105 2833 3).
1132 2791 1180 2806 -
1216 2751 1263 2821 ln
1286 2749 1353 2820 Pe·

261 2835 510 2938 loponnesum
535 2848 736 2942 postquam
761 2841 965 2916 identidem
990 2825 1270 2918 laustrairrum
1299 2868 1354 2916 ere
1394 2839 1395 2934 l

264 2940 392 3012 conati
418 2939 542 3031 orant,
567 2937 718 3012 tandem
731 2945 968 3039 octogesimo
983 2943 1135 3014 circiter
1153 2951 1246 3043 post
1259 2871 1353 3015 lho-

261 3081 462 3097 m

333 3140 365 3214 l)
384 3145 566 3214 herodot-1,
585 3147 630 3203 56.
658 3146 757 3200 Strah.
775 3147 831 3210 IX,
849 3146 877 3202 5.
909 3167 937 3218 Ρ.
955 3147 1019 3202 437.
1047 3148 1087 3211 Χ,
1105 3148 1125 3201 4
1143 3167 1173 3220 Ρ.
1194 3150 1261 3203 475.
1292 3147 1355 3200 har-

262 3214 338 3270 cher.
357 3217 394 3269 sd
411 3219 518 3272 Herod.
537 3220 612 3274 vm
628 3239 657 3292 p.
675 3220 736 3274 258.
763 3217 853 3273 Beck.
874 3216 1059 3288 Woltgesch.
1087 3220 1147 3291 ΙΡ.
1168 3219 1235 3276 826.
1266 3217 1356 3273 Muel-

259 3285 312 3341 ler.
328 3290 400 3346 Dor.
419 3291 434 3342 1
451 3309 480 3361 p,
499 3293 534 3345 17
552 3310 615 3364 sqq.
634 3290 809 3345 Lachmann.
830 3290 866 3342 do
886 3291 1022 3362 Spartan.
1041 3309 1074 3344 re
1092 3289 1172 3364 puhl.
1193 3311 1225 3365 Ρ.
1246 3293 1284 3346 89
1301 3308 1356 3361 sqq·

331 3391 748 3465 a)ntodor.1‚tsooll.3t.
774 3395 870 3450 Aliter
888 3397 987 3450 Strah.
1005 3397 1061 3463 tx,
1078 3396 1097 3450 4
1114 3417 1142 3469 Ρ.
1163 3399 1221 3452 427
1242 3399 1293 3470 qui
1311 3394 1356 3449 atl-
1394 3395 1395 3460 J

259 3470 375 3522 iunctos
393 3467 562 3521 Heraclidas
580 3471 611 3521 in
630 3469 740 3521 Doride
759 3467 907 3539 perhibet,
930 3467 1078 3540 Ephorum
1098 3468 1178 3522 haud
1204 3470 1296 3523 duhie
1317 3486 1357 3520 se·
1394 3511 1395 3536 3

260 3546 374 3612 quotus.
409 3539 471 3594 vul
489 3536 575 3592 lanius
593 3539 694 3608 fragm.
714 3558 731 3592 a
751 3576 759 3592 .
778 3539 880 3612 Steph.
899 3541 973 3610 Byz.
991 3559 1021 3594 v·
1038 3541 1131 3611 Δυμᾶν
1149 3548 1180 3594 et
1200 3543 1355 3613 ap.Meier.
1394 3545 1395 3550 ’

256 3611 344 3665 Marx
362 3629 390 3682 Ρ.
409 3611 445 3666 95
462 3629 506 3683 sq.
544 3612 680 3664 Ceterum
703 3559 748 3664 off
763 3613 860 3682 lleyn.
881 3611 918 3664 ad
941 3611 1111 3683 Apollodor.
1129 3631 1157 3684 Ρ.
1177 3614 1252 3679 195,
1279 3610 1356 3666 etde

258 3681 385 3736 Hercule
403 3684 513 3738 Dorico
530 3699 593 3736 non
610 3683 711 3736 eodem
732 3683 768 3736 eh
788 3685 901 3752 origine
919 3701 984 3738 cum
996 3682 1126 3738 Achaico
1136 3683 1280 3737 Mueller.
1289 3686 1354 3738 Dor.

258 3755 275 3810 1
291 3775 319 3827 Ρ.
335 3754 372 3809 te
390 3772 453 3828 sqq.

327 3856 361 3930 3)
381 3860 520 3915 Herodot.
539 3862 579 3928 V,
598 3859 634 3916 68
651 3861 720 3933 ihiq.
734 3859 841 3914 Valok.
854 3859 983 3914 Booclrh.
998 3858 1245 3931 explicuit.'Pind.
1256 3882 1285 3934 Ρ.
1296 3859 1354 3914 234.

216 3971 219 3978 .
259 3934 345 4004 (torp.
362 3934 453 3986 Inscr.
473 3935 488 3986 Ι
505 3952 533 4004 Ρ.
552 3932 616 3986 579.
634 3932 769 3986 Mueller.
788 3933 860 3986 Dor.
878 3934 909 3985 11
926 3952 954 4004 Ρ.
973 3933 1016 3985 ts.
1053 3929 1291 4000 Pamphylorum
1309 3933 1357 3986 tri-

257 4004 327 4056 hum
347 4022 363 4056 e
380 4007 525 4058 variarum
549 4005 681 4075 stirpium
705 4004 835 4070 advenis,
854 4007 903 4126 pui
928 4021 994 4057 cum
1018 4003 1216 4058 Doriensihus
1243 4004 1357 4058 coalue-

257 4078 325 4139 rint,
348 4079 476 4130 extitisse
501 4093 609 4128 nomen
630 4078 724 4147 ipsum
748 4074 836 4128 fidem
871 4077 942 4130 acite
965 4075 1017 4127 sod
1041 4083 1075 4127 ut
1097 4073 1171 4126 hanc
1198 4078 1310 4130 tribum
1329 4077 1356 4126 in

257 4146 462 4217 Peloponneso
482 4146 595 4202 demum
614 4149 718 4200 ceteris
743 4145 880 4199 additam'
894 4145 1044 4200 medemur
1074 4164 1137 4198 cum
1161 4145 1358 4201 Lachmanno

257 4217 316 4270 tl.
338 4236 365 4289 Ρ.
384 4219 450 4286 103,
484 4235 571 4270 causa
594 4218 678 4271 nulla
702 4225 755 4273 est.
791 4217 913 4270 Rectius
936 4220 1037 4272 statuit
1060 4218 1093 4269 0.
1113 4218 1147 4270 F.
1165 4219 1357 4272 {hermannus

259 4289 327 4343 diss.
348 4288 383 4341 de
402 4291 495 4342 causis
513 4289 647 4342 turbatae
666 4308 683 4340 a
702 4289 742 4342 ud
760 4287 1007 4344 Lacedaemonios
1029 4306 1164 4358 agrorum
1192 4291 1356 4364 aequalita-

258 4363 295 4414 tis
314 4355 479 4430 (merburg.
498 4356 594 4430 18³4.)
612 4380 640 4432 Ρ.
659 4309 702 4416 ld.
