2814 5080
241 373 317 451 284·
443 373 484 453 V.
508 373 569 450 De
590 395 636 450 re
652 373 812 476 publiea
834 371 1131 452 Artemone.

242 559 336 636 culis
367 558 435 634 out
466 558 605 633 ceretis
639 551 789 631 tabellis
818 553 1024 633 utebantur
1042 557 1101 654 17).
1158 560 1328 662 Tempus

242 662 354 733 etiam
388 656 472 731 huie
503 653 550 730 de
580 651 814 729 aestimando
844 653 911 728 lite
936 659 1077 731 notioni
1103 655 1152 732 ed
1178 657 1328 761 oiopsy·

242 753 349 830 dnum
374 753 529 828 finitum.
580 753 623 825 lu
653 749 875 851 quibusdem
907 757 1030 827 causis
1054 758 1253 856 irrogatae
1277 752 1326 830 eb

242 861 374 928 ociore
406 852 473 925 out
504 847 679 925 definitae
710 846 799 948 logo
857 875 977 926 oenoe
1003 852 1114 926 etiam
1139 851 1228 926 eddi
1254 851 1328 927 elie

240 975 379 1070 poena,
403 945 507 1052 velut
530 943 691 1042 vinonio,
724 971 748 1018 n
772 877 959 1022 infinibus
980 953 1145 1047 poterat,
1172 953 1206 1022 si
1229 975 1328 1024 uuus

239 1053 454 1146 irrogaret,
492 1046 610 1119 ceteri
643 1044 870 1120 assentirent
883 1045 941 1136 18).
1002 1045 1107 1119 Alius
1139 1071 1253 1120 uuum
1291 1055 1329 1120 et

241 1145 446 1246 simplicem
477 1165 641 1241 poenum
670 1139 779 1240 leges
813 1165 900 1217 esse
931 1138 1116 1216 iubebant
1135 1146 1199 1241 19).
1225 1216 1228 1225 ,
1257 1144 1328 1218 His

240 1239 414 1316 omuibus
443 1240 608 1385 per-setis
640 1241 828 1315 sententia
864 1266 887 1312 o
912 1243 1137 1338 magistratu
1160 1265 1328 1340 pronun-

242 1337 412 1414 oiobotur
429 1338 478 1432 ²)
515 1332 732 1438 iudicesque
764 1333 1056 1412 dimittebantur.
1117 1337 1327 1436 Ampliotio

239 1439 280 1512 in
311 1435 513 1510 heliastiois
544 1429 695 1510 iudiciis
726 1442 792 1510 aut
824 1433 929 1510 uuila
959 1442 1024 1510 out
1053 1459 1144 1510 rnre
1173 1437 1258 1511 eret
1291 1443 1329 1511 et

133 1583 137 1592 ·
240 1532 546 1610 extraordinarie
561 1530 621 1624 ²¹).

697 1771 731 1852 §-
756 1755 860 1833 LIX

333 1925 619 2017 Dioeieterum,
650 1923 902 2027 quodraginta
926 1926 1090 1997 virorum
1116 1925 1174 2020 et,
1211 1931 1252 1998 ut
1276 1927 1328 1997 vi-

239 2017 360 2116 detur,
385 2021 674 2098 nantodioorum
699 2022 839 2098 iudicio
870 2020 917 2096 ab
943 2017 1148 2096 heliustieis
1174 2047 1221 2096 eo
1248 2047 1325 2094 mo·

231 2123 342 2195 'xime
367 2117 616 2214 differebant,
642 2119 743 2221 quod
767 2118 868 2219 opud
894 2117 1049 2193 eosdem
1074 2120 1113 2194 et
1136 2123 1325 2193 instruen-

239 2215 311 2290 dae
336 2217 414 2293 litis
440 2245 532 2293 cure
557 2226 595 2293 et
607 2219 815 2292 instructae
828 2215 1045 2290 diiudicatio
1063 2218 1157 2310 erat,
1183 2243 1234 2291 ex
1248 2243 1324 2317 quo

238 2317 499 2415 consequitur,
538 2341 634 2417 queo
666 2319 706 2389 in
737 2314 943 2390 hoiiestieis
974 2311 1121 2388 iudiciis
1152 2340 1176 2387 o
1205 2317 1323 2412 megi·

236 2410 437 2506 stratibus,
477 2439 524 2488 eo
556 2417 596 2486 in
630 2411 689 2487 his
721 2411 769 2486 ab
799 2416 893 2512 ipsis
924 2406 1112 2484 iudicibus
1140 2411 1321 2512 pleraque

85 2563 88 2574 .
235 2512 362 2582 omnia
387 2508 536 2608 agenda
559 2508 691 2586 fuisse.
725 2511 776 2584 Et
800 2508 1055 2611 quodraginta
1077 2511 1149 2582 viri
1174 2507 1319 2609 quidem

234 2607 349 2708 etque
374 2607 598 2681 neutodioao
612 2615 661 2684 ¹et
685 2605 921 2708 recipiebant
944 2610 1017 2705 ipsi
1041 2608 1212 2680 notiones
1226 2630 1319 2706 quae

235 2701 284 2778 ed
313 2703 609 2780 iurisdictionem
634 2731 740 2779 suam
762 2706 1016 2804 pertinerent,
1048 2711 1086 2776 et
1110 2701 1319 2802 disceptate

235 2805 466 2904 cognitoque
490 2828 606 2877 causa
631 2805 854 2877 seutentiam
872 2799 1189 2901 pronunciabunt,
1215 2797 1315 2872 nullo

232 2902 506 2976 interveniente
528 2903 774 2999 magistratu,
806 2925 916 3002 quum
941 2899 992 2972 ob
1020 2924 1113 2991 rem,
1137 2900 1317 3065 utsupra

235 2994 374 3072 dictum
407 2999 483 3092 est,
523 2996 579 3071 ilii
611 3001 722 3072 etiam
745 3002 819 3098 ipsi
843 3023 915 3096 pro
939 2993 1227 3096 magistratibus
1276 3018 1314 3064 a·

232 3089 317 3170 heri
341 3100 513 3194 possunt.
561 3096 750 3170 Diaetetis
775 3098 899 3169 auteur
922 3111 1061 3168 'oeusoe
1086 3120 1109 3166 a
1125 3094 1312 3186 magistro-

233 3190 337 3267 tibus
364 3194 517 3292 petente
551 3197 685 3269 actore
715 3190 990 3292 delegebantur
1004 3193 1053 3289 ¹),
1093 3188 1309 3290 etquidem,

231 3545 259 3654 p.
278 3525 340 3592 181,
363 3527 506 3580 removeri
531 3523 654 3581 fortusse
678 3529 798 3598 possint.
835 3525 881 3582 cf.
905 3531 1002 3580 temen
1018 3522 1141 3578 Heffter.
1165 3542 1193 3596 p.
1211 3519 1260 3577 33⁴
1280 3521 1303 3569 et

257 3597 352 3652 letner
370 3598 386 3652 1
404 3617 433 3672 p.
454 3597 616 3654 198-202.
652 3599 730 3682 Adri.
747 3598 867 3676 Annali.
887 3601 961 3656 uritt.
979 3597 1078 3654 Berol.
1097 3595 1118 3651 l.
1137 3594 1158 3650 l.
1176 3613 1204 3667 p.
1221 3590 1288 3648 1³87.

304 3722 352 3792 17)
371 3721 501 3779 Πινάκων
517 3721 651 3794 τιμητικόν.
688 3724 723 3782 Ρ.
739 3705 777 3778 s.
795 3703 823 3796 p.
842 3721 905 3783 726.

302 3830 352 3901 18)
370 3831 444 3888 un.
462 3849 490 3904 p.
509 3831 563 3886 τοι
580 3849 622 3903 sq.

301 3932 351 4008 19)
370 3937 442 3993 lbid,
458 3959 487 4011 p·
506 3939 559 3994 725
576 3942 636 3992 not.
655 3937 699 3993 71.

301 4043 350 4112 20)
370 4043 523 4120 {timinam
544 4046 585 4116 τῆς
606 4045 682 4112 δίκης.
721 4039 795 4097 lbid.
819 4062 847 4115 p.
871 4043 933 4098 726.
968 4043 1014 4095 1)ο
1037 4040 1143 4094 tubulis
1161 4035 1297 4094 iudiciariis

231 4121 261 4170 in
278 4123 390 4170 metroo
410 4120 562 4177 ascensii·
580 4118 619 4175 io.
638 4136 664 4189 p.
686 4115 747 4170 727.

299 4220 350 4292 21)
368 4225 408 4277 V.
427 4243 452 4278 ο.
470 4230 588 4297 propter
607 4224 753 4296 διοσημίαν.
789 4221 861 4276 Ibid.
878 4237 906 4293 p·
926 4221 988 4276 727.

301 4326 332 4400 1)
351 4331 421 4384 vn.
441 4331 640 4388 nuutwauo.
659 4343 687 4397 p.
706 4327 832 4385 su-u.
866 4315 1290 4402 neeoayuysnarouunsvsst

230 4402 266 4459 93
285 4401 483 4460 enutriens.
502 4405 587 4460 Proe.
605 4406 667 4464 Att.
685 4421 713 4478 p.
733 4401 794 4458 114.
869 4415 873 4420 '
