2840 5084
249 1075 251 1078 .
339 1001 922 1088 Prooemium.

589 1321 620 1401 §.
640 1311 669 1387 I.

81 1409 272 1539 Nullius
297 1461 410 1541 saoito
427 1464 649 1568 disciplinae
670 1464 927 1568 philologieae
948 1472 1012 1541 ant
1028 1465 1179 1568 proies·

84 1585 139 1654 sio
167 1583 293 1653 maior
318 1582 384 1653 aut
408 1577 571 1658 ambitus
597 1582 759 1684 amplior
783 1589 848 1656 aut
879 1579 975 1656 fines
999 1583 1179 1656 incertio-

82 1704 145 1751 res
175 1674 308 1750 haberi
334 1677 471 1773 solent,
497 1707 608 1782 quam
636 1681 745 1754 huius
771 1704 867 1780 quae
893 1681 941 1753 ab
974 1683 1179 1780 antiquita·

82 1771 188 1849 tibus
213 1800 351 1848 nomen
378 1776 592 1877 aeeepit¹):
619 1804 716 1879 quae
743 1803 855 1877 quum
881 1774 927 1850 de
946 1777 1179 1850 Graecorum
1260 1791 1263 1798 ’

82 1875 119 1947 et
144 1873 408 1946 Romanorum
433 1872 617 1968 moribus,
643 1875 842 1964 institutis,
869 1870 1018 1971 iegibus
1044 1899 1086 1946 se
1111 1897 1181 1946 ex«-

81 1973 293 2068 posituram
327 1968 551 2070 profitetur,
584 1970 675 2045 nihii
706 1967 809 2044 atiud
834 1967 983 2044 videtur
1007 1969 1181 2069 profiteri

84 2093 197 2166 quam
226 2071 348 2140 omnis
374 2069 608 2142 Graecorum
635 2069 970 2168 Romanorumque
994 2069 1094 2141 vitae
1113 2093 1182 2166 pu·

83 2163 207 2238 btieae
235 2169 273 2237 et
296 2169 467 2264 privatae
487 2169 757 2265 cognitionem,
783 2162 967 2266 siquidem
982 2163 1086 2238 uuita
1103 2189 1180 2236 non

83 2264 183 2335 vitae
208 2287 300 2360 pars
326 2263 393 2334 aut
416 2260 587 2337 moribus
613 2267 727 2364 atque
751 2263 935 2336 institutio
959 2268 1023 2334 ant
1055 2259 1181 2359 tagum

84 2362 299 2458 praeceptis
337 2361 566 2434 continetur.
622 2365 757 2461 Itaque
791 2383 870 2432 non
906 2356 1019 2432 modo
1054 2383 1181 2432 rerum

1 2518 2 2523 ,
83 2453 320 2554 publicarum
345 2455 470 2530 forma
495 2465 533 2533 et
558 2457 834 2532 administratio
859 2454 928 2530 aad
954 2459 1066 2530 etiam
1093 2452 1183 2530 dao-

84 2578 168 2626 rum
194 2551 331 2645 cultus,
356 2579 479 2647 saera,
507 2559 782 2646 caerimoniae,
817 2549 906 2626 belii
930 2550 1092 2652 gerendi
1119 2578 1182 2626 ra·

84 2652 138 2722 tio
166 2653 364 2769 omnisque
388 2675 451 2726 res
476 2649 663 2743 militaria,
690 2652 794 2723 artae
818 2673 938 2748 porro
963 2653 1091 2722 variae
1117 2653 1184 2724 aut

85 2745 132 2819 nd
157 2749 426 2821 nenessitatem
451 2751 550 2821 vItaa
576 2749 642 2820 aut
667 2745 716 2820 ad
741 2743 938 2820 liberalem
964 2749 1076 2818 animi
1102 2745 1182 2819 eui·

84 2845 209 2917 turam
234 2845 275 2917 et
299 2840 594 2919 oblectationem
621 2845 886 2942 comparatae,
916 2844 996 2916 vita
1021 2840 1183 2944 «leuique

86 2938 296 3014 domestica
329 2943 368 3014 et
399 2943 550 3060 privata
586 2943 625 3016 et
683 2937 840 3041 uidquid
865 2937 914 3014 ad
939 2942 1077 3014 vietum
1102 2939 1183 3014 eut·

83 3039 238 3138 tumque
265 3063 440 3138 eorporis
463 3041 643 3139 pertinet,
659 2967 763 3112 (Iraee
789 3039 935 3131 omnia,
960 3039 1092 3134 utpote
1118 3038 1185 3112 aut

84 3132 236 3234 legibus
262 3133 386 3208 deseri
414 3137 454 3209 tn
480 3137 546 3210 aut
569 3130 740 3210 moribus
772 3135 811 3208 et
839 3135 1020 3207 institutio
1054 3133 1183 3210 mode·

83 3237 182 3327 rata,
203 3231 328 3306 locum
347 3163 421 3308 siti
434 3259 542 3308 snum
554 3237 592 3308 iu
607 3227 896 3333 antiquitatibus
911 3228 1120 3330 deposcent
1134 3233 1181 3333 ²).

494 3404 499 3420 t

159 3436 189 3507 I)
208 3441 424 3514 Antiquitatum
443 3442 560 3494 nomina
579 3445 694 3494 vetarer
711 3439 840 3494 Romani
858 3437 950 3495 libror
974 3443 1184 3515 iuroripaerunt

92 3509 124 3565 Ie
143 3513 272 3584 antiquio
289 3515 430 3567 instituti·
449 3519 478 3567 at
496 3512 614 3582 ritiburq
634 3517 665 3566 ot
680 3514 789 3584 primur
808 3511 932 3586 quidem,
956 3514 1033 3586 quod
1050 3517 1183 3584 uniamur,

91 3583 130 3636 ut
149 3584 308 3638 Terentino
327 3585 437 3651 Varro,
462 3589 544 3638 eninr
562 3590 735 3658 σκέψηται
752 3603 839 3638 ram
856 3584 1038 3654 amram,
1056 3587 1183 3658 itemque

89 3661 264 3728 antiqnitates
280 3675 368 3709 rm
391 3657 537 3710 &niam
560 3655 714 3729 aliquoties
738 3674 756 3708 a
777 3657 986 3728 posterioribus
1010 3675 1182 3710 commemo-

91 3737 198 3779 rantur.
237 3727 298 3779 Sed
316 3745 376 3780 non
394 3746 503 3800 pannon
523 3731 608 3782 etiam
628 3727 750 3780 aliorum
767 3722 860 3781 libros
878 3728 1009 3782 oimilitnr
1026 3731 1182 3799 iuueriptor

90 3795 180 3852 iniere
201 3796 313 3852 Plinius
332 3800 418 3854 ‹Iooat
437 3802 622 3854 nictantur.
641 3799 734 3872 praef.
749 3806 819 3857 torn.
837 3800 865 3866 1,
883 3819 911 3872 p.
929 3801 964 3856 3⁷
984 3798 1115 3854 Tanain.
1135 3799 1181 3855 Cf.

91 3868 165 3923 Gell.
183 3869 226 3922 N.
245 3872 282 3923 A.
301 3871 342 3940 V,
360 3871 404 3926 13.
423 3873 482 3940 XI,
501 3871 527 3926 l.
547 3873 632 3939 XIII,
651 3872 694 3925 ln

122 4007 125 4016 .
158 3955 192 4026 2)
212 3957 260 4012 cf.
283 3961 318 4014 F.
336 3963 375 4015 A.
393 3958 487 4014 Wolf
507 3961 661 4015 nanneno
704 3959 753 4012 dar
774 3958 1124 4029 Aiterttaamoiaaeaaotnst
1151 3965 1183 4016 in

91 4028 196 4082 Museo
214 4033 327 4103 antiqu.
345 4031 421 4086 stud.
447 4029 559 4097 (Ber-ol·
580 3977 684 4098 leont
693 4029 751 4083 vol.
770 4033 794 4083 I.
813 4051 840 4102 p.
858 4032 894 4085 at
912 4036 941 4083 et
959 4027 1003 4084 ed.
1023 4031 1055 4085 S.
1075 4035 1107 4086 1⁴⁸.
1125 4037 1181 4089 W.
1213 4085 1222 4102 q

2 4123 3 4174 q
88 4098 248 4154 IIoti'mann
273 4103 377 4176 (Lipr.
397 4102 498 4171 18³³)
522 4123 551 4176 p.
570 4103 615 4158 32.
633 4127 663 4142 ··
690 4099 745 4154 Ed.
762 4101 883 4155 PIatner
903 4101 967 4155 iiber
983 4102 1181 4174 utraenretafl·
1225 4101 1235 4114 ⁸

2 4185 3 4194 ¹
88 4171 349 4248 BeteBegn'Iodur-g·
368 4176 422 4228 aad
429 4174 607 4248 Beioadlung
619 4175 668 4226 der
684 4175 879 4234 Antipatream.
897 4173 1135 4243 Marhurg.1812.

91 4243 504 4394 {Iaesserpthqu'qssmdrm
527 4264 575 4302 w
598 4243 808 4318 Eneyoloporlta
835 4245 884 4298 der
908 4245 1067 4320 Puarogre.
1103 4205 1181 4316 (HJ.

947 4388 969 4458 l
