2838 5080
264 363 302 438 1.
326 363 387 437 De
410 359 675 437 conmutatum
699 363 914 436 auctorem.
1059 357 1134 436 383

61 543 173 638 iaculi,
198 541 303 639 disci,
328 540 536 644 pugilatus,
560 543 758 643 pancratii,
783 567 942 644 quorum
967 541 1138 620 ordinem

63 648 232 745 variaque
264 665 409 740 genera
441 645 620 744 persequi
655 666 733 715 uon
766 649 825 715 est
856 645 979 716 nostri
1012 641 1138 716 cousi·

62 743 98 817 lii
111 744 151 835 ⁵).
206 742 355 813 Musica
388 742 592 812 certamina
624 742 662 813 in
694 739 842 838 Pythiis
855 741 888 832 ⁶)
923 747 1066 814 tantum
1101 744 1140 814 ot

63 840 220 913 lstlrmiis
234 839 266 931 ⁷)
291 833 458 910 luerunt.
505 837 683 911 Praemia
707 839 891 912 victorum
907 836 1139 938 permodica,

62 961 218 1010 coronae
245 960 295 1008 ex
320 934 516 1029 oleastro,
533 932 662 1028 lauro,
687 936 798 1033 apio,
835 935 996 1036 pinu⁸),
1027 937 1141 1033 sigua

62 1037 174 1134 magis
198 1033 381 1106 vlotoriae
406 1057 516 1131 quam
541 1035 730 1130 praemia3
756 1029 824 1106 sed
851 1031 977 1106 lronor
1000 1035 1139 1130 iugens

63 1142 96 1206 et
126 1133 261 1226 eximia
294 1126 397 1223 laus,
431 1133 470 1202 iu
501 1131 618 1202 totius
650 1130 834 1208 Graeciae
860 1135 1049 1205 conventu
1074 1128 1141 1202 aut

62 1231 228 1328 corporis
270 1224 413 1300 viribus
459 1226 498 1300 et
538 1224 731 1321 agilitate,
777 1231 843 1301 aut
877 1229 984 1321 artis
1029 1251 1141 1327 prae-

62 1327 194 1399 stantia
218 1325 318 1398 inter
340 1321 525 1422 plurimos
549 1325 588 1396 in
613 1321 747 1398 eodem
770 1349 916 1424 genere
949 1321 1140 1398 excelleu-

61 1426 216 1496 tissimos
241 1423 400 1519 primum
424 1419 627 1495 iudicatum
652 1447 750 1496 esse.
787 1423 923 1523 ltaque
948 1420 1140 1496 hanelau-

61 1519 136 1594 dem
162 1523 273 1594 etiam
299 1520 405 1619 ipsae
430 1521 615 1592 victorum
640 1521 812 1594 civitates
837 1517 886 1594 ad
912 1545 954 1594 se
979 1543 1140 1618 magno·

58 1613 1143 1816 litutitii,tt2¹5?''titttttfttttttttttt

60 1811 115 1885 vel
140 1815 221 1886 arto
248 1815 446 1903 eximium,
480 1808 540 1882 rel
571 1809 854 1910 magnificentia
886 1814 1143 1910 conspicuum,

59 1907 112 1983 vel
135 1908 321 2008 religiono
346 1911 516 1984 sanctum
546 1913 668 2002 esset,
700 1935 831 1984 omnes
861 1907 934 1983 sibi
964 1911 1142 2008 tanquam

61 2031 247 2080 commune
274 2006 456 2078 Graeciae
481 2002 622 2080 honum
648 2009 685 2079 iu
711 2005 975 2106 spectaculum·
1002 2014 1040 2079 et
1070 2001 1142 2077 ob·

59 2100 288 2178 lactationem
312 2105 477 2202 positum
501 2106 751 2198 intuerentur,
778 2103 982 2204 eademque
1010 2125 1141 2176 omnes

60 2197 214 2294 laetitia,
238 2200 371 2274 iisdem
395 2199 542 2295 studiis,
569 2200 699 2275 cadem
724 2199 911 2300 religione
937 2199 1142 2300 impleren-

60 2304 127 2393 tur,
151 2298 235 2373 lieri
257 2295 433 2398 prolecto
464 2301 717 2470 noupotuit,
751 2303 839 2402 quin
873 2297 1001 2399 aliqua
1038 2300 1143 2372 certe

61 2399 260 2470 eommunis
283 2399 430 2497 patriae
454 2422 567 2470 recor
594 2401 736 2471 atio‘iu
762 2399 894 2472 animis
920 2420 1049 2469 eorum
1084 2419 1144 2468 re-

59 2497 261 2586 vivisceret,
289 2495 328 2568 et
348 2497 516 2595 quamvis
531 2493 745 2570 civitatibus
763 2493 1006 2570 multifariam
1020 2491 1143 2586 divisi,

64 2672 252 2688 *a

121 2735 152 2806 6)
170 2739 217 2792 De
236 2739 326 2792 variis
344 2738 532 2792 certaminum
550 2736 706 2806 generibus
726 2743 755 2790 et
779 2736 816 2790 tle
838 2739 917 2792 omui
939 2738 1008 2792 lasti
1031 2737 1143 2807 ordine,

60 2818 188 2878 quantum
208 2809 345 2882 Olympia
365 2813 476 2877 attinet,
494 2811 564 2862 satis
584 2819 628 2862 est
645 2810 787 2862 Meierum
805 2807 926 2863 laudare
964 2812 1142 2866 etto-³24.

59 2879 122 2933 Non
140 2883 293 2937 admodum
314 2889 408 2935 autem
429 2881 572 2933 diuersam
592 2887 752 2933 ceterorum
772 2882 913 2934 rationem
932 2830 1026 2935 ilrisse
1050 2879 1142 2936 solrol.

60 2951 92 3003 ad
108 2953 226 3008 Authol.
245 2955 268 3022 1,
289 2955 303 3007 1
324 2961 354 3007 et
373 2951 474 3007 rhum.
492 2953 570 3023 Mag.
590 2955 642 3006 vit.
662 2952 747 3006 Pina.
767 2957 919 3006 testantur.

121 3057 153 3128 6)
170 3063 205 3114 Iu
224 3059 269 3114 hie
289 3059 367 3128 olim,
386 3066 454 3112 ante
473 3057 520 3114 01.
537 3059 677 3126 ΧΙΝΙΙΙ,
695 3057 804 3128 3,·sola
823 3058 1057 3116 eitharoetlorum
1081 3077 1131 3113 oer

59 3133 158 3186 tamiaa
175 3133 300 3198 luet-aut,
320 3149 395 3204 quae
413 3140 522 3200 postea,
540 3134 681 3203 gymnicis
700 3132 904 3188 certaminibus
913 3134 1064 3198 institutis,
1081 3149 1143 3194 uon
1223 3192 1228 3200 1

59 3202 138 3256 modo
156 3223 216 3260 uon
236 3207 342 3258 omissa
360 3203 412 3256 sed
431 3203 494 3256 aliis
514 3209 599 3258 etiam
618 3206 734 3258 musicis
754 3213 839 3258 aucta
857 3211 934 3258 sunt.
978 3204 1023 3258 Gi.
1043 3203 1142 3256 Strab.

58 3274 106 3341 tx,
123 3277 186 3349 311.
206 3279 269 3331 411.
315 3277 438 3330 Pausau.
456 3275 500 3342 Χ,
522 3277 551 3340 7,
578 3279 603 3329 1.
621 3278 647 3331 3.
683 3277 727 3329 16.
746 3277 788 3344 11,
812 3278 862 3344 11,
887 3277 914 3330 9.
957 3275 1081 3330 casaub.
1106 3274 1144 3328 ael

29 3421 32 3432 Ι
59 3344 194 3475 Atlpgpaa.
212 3349 288 3414 xm
304 3368 332 3420 p.
349 3347 412 3404 886.
447 3347 556 3401 Pollux
572 3347 630 3417 IV,
648 3348 683 3403 79
708 3367 733 3401 o·
751 3349 816 3405 intt.
834 3349 951 3402 Dinaea.
970 3348 1006 3402 ad
1023 3347 1142 3402 Pindus.

58 3433 83 3486 P,
149 3457 156 3475 ι
514 3440 517 3447 .

123 3527 152 3591 l)
170 3527 242 3596 vat,
268 3522 416 3581 Plutarch.
441 3527 573 3590 Quaestt.
597 3543 725 3598 sympos.
750 3526 795 3594 V,
822 3527 849 3581 1.
875 3533 943 3582 tam.
967 3528 1013 3582 Ν
1035 3545 1064 3600 p.
1089 3525 1144 3586 29³

61 3592 183 3653 Tauchu.
205 3618 241 3652 ex
260 3618 317 3672 quo
337 3599 471 3652 discimus
489 3599 574 3651 etiam
592 3597 729 3652 mulieres
747 3597 784 3650 ad
802 3601 913 3653 musica
937 3603 1094 3654 certamina
1111 3600 1148 3651 iu'

59 3664 177 3724 Isthmiis
195 3671 333 3724 admissas
352 3677 382 3724 et
398 3668 629 3724 Aristomachum
648 3669 812 3743 aliquando,
830 3669 1023 3743 Erythraeam
1041 3689 1078 3726 ex
1095 3670 1143 3724 Io·

60 3739 114 3807 uia,
133 3745 281 3797 victoriam
296 3751 469 3814 reportasse.

124 3845 156 3920 8)
174 3847 321 3922 Aristopla.
341 3847 419 3902 I'lut.
437 3867 466 3902 v.
484 3847 538 3904 686
564 3867 589 3902 ο.
617 3854 690 3908 nott.
714 3850 813 3921 Bergl.
835 3855 865 3906 et
888 3847 1052 3904 Hemsterlr.
1073 3847 1143 3902 Plu-

61 3917 144 3973 tarelt.
164 3923 270 3980 Timol.
290 3941 315 3976 c.
334 3921 378 3976 16.
414 3921 551 3992 Sympas,
588 3941 614 3976 u.
633 3923 672 3987 V,
687 3923 718 3992 3,
739 3926 762 3981 Ι.
784 3926 808 3978 1.
830 3925 857 3978 3.
876 3924 961 3990 Vlll,
980 3923 1014 3990 l,
1034 3924 1046 3975 l
1069 3926 1098 3973 et
1115 3921 1143 3978 4.

58 3987 173 4046 Diodor.
194 3996 280 4062 XVI,
299 3994 343 4048 86.
379 3940 664 4055 Aettaa.v.1l.111‚
685 3997 698 4049 l
720 4003 791 4048 extr·
809 3995 878 4066 ibiq·
898 3989 1142 4051 Peritumschol.

55 4055 135 4117 I’iutl.
155 4067 241 4120 Nem.
261 4063 380 4138 hypoth.
400 4065 426 4118 6.
464 4067 588 4118 raanan.
602 4067 642 4134 X,
662 4066 687 4136 7,
708 4071 733 4122 4.
771 4067 812 4120 16.
834 4065 1086 4133 v111,48.2uhi
1107 4063 1144 4118 tle

60 4137 186 4192 omnihus
204 4139 337 4204 refertur,
355 4135 498 4208 simulque
517 4134 553 4188 de
570 4137 674 4210 palma,
694 4157 776 4210 quam
796 4140 922 4192 viatores
940 4136 1074 4190 manibus
1092 4154 1142 4206 ge-

58 4205 175 4264 stabant.
212 4212 346 4266 In'uuir.
366 4208 402 4262 tle
419 4207 584 4280 στεφανίταις
599 4217 628 4263 et
645 4215 793 4282 θεματικοῖς
808 4211 892 4284 ἀγῶσι
908 4209 943 4264 cf.
963 4209 1067 4263 Maior.
1085 4208 1139 4261 1.1.

59 4290 84 4344 Ρ.
101 4279 153 4337 alt
171 4291 233 4338 aot.
253 4283 296 4338 61.

124 4385 152 4455 ⁹)
171 4389 327 4464 spanhem·
345 4384 383 4441 ad
402 4385 548 4460 Aratopt.
565 4388 644 4446 arua
662 4407 691 4444 v.
708 4389 770 4446 aaa.
794 4383 896 4444 uetes.
913 4408 941 4461 p.
960 4389 1022 4444 arr.
1035 4389 1088 4444 ara
1100 4407 1142 4460 aq.
