2806 5080
288 357 338 430 92
419 350 507 432 111.
542 349 603 428 De
626 349 739 424 retes
757 346 924 451 poetice
948 351 992 424 ὄπ
1015 349 1241 428 unebertum.

284 532 388 612 blica
410 531 574 633 gloriam
602 529 730 631 adepti
755 531 844 606 sunt
859 531 905 629 ¹).
955 533 1025 607 llis
1050 533 1161 608 etiam
1187 534 1357 634 Epimeni·

286 631 355 708 des
388 633 584 706 Cretensis
613 627 873 704 accensendus
904 632 981 722 est,
1023 634 1087 732 qui
1118 629 1294 707 Solonem
1326 640 1356 709 in

287 726 497 804 ordinanda
521 725 806 802 Atheniensium
831 751 874 800 re
927 724 1053 800 ublica
1078 731 1300 806 auctoritaie
1327 735 1359 806 et

286 826 457 902 consiliis
481 851 558 898 non
584 822 828 898 mediocriter
860 850 883 896 a
911 827 1047 900 iuvisse
1079 823 1278 918 dicitur-²),
1306 855 1359 904 ne

312 951 359 998 ne
385 925 506 996 minus
530 926 570 1015 ii,
629 945 762 994 uorrrm
796 946 913 1019 supra
947 925 1175 999 mentionem
1206 917 1358 1019 fecimus,

285 951 476 1096 balenses
515 1021 555 1092 et
586 1021 617 1092 C
647 1013 832 1108 amodes,
872 1017 1010 1118 aliique
1051 1018 1180 1116 plures
1216 1045 1359 1119 quorum

286 1118 489 1192 obscurior
513 1115 615 1190 faura
640 1115 759 1205 est3).
799 1115 969 1213 Insignis
995 1121 1119 1192 autem
1145 1120 1184 1188 in
1209 1115 1359 1192 hocstu-

285 1215 349 1291 dio
375 1218 488 1290 etiam
513 1210 757 1312 Pythagoras
782 1207 864 1302 suit,
890 1216 953 1311 qui
979 1238 1090 1312 quum
1116 1210 1189 1286 sibi
1219 1240 1359 1313 persua-

284 1317 410 1404 sisset,
435 1335 518 1384 eam
545 1312 724 1409 optimam
750 1333 834 1382 csse
859 1333 939 1382 rem
965 1306 1177 1408 publicam,
1212 1335 1303 1412 quac
1329 1316 1359 1386 in

283 1409 475 1511 potestate
506 1408 610 1480 esset
648 1407 894 1504 optimorum,
934 1410 1099 1505 optimos
1137 1416 1261 1482 autem
1295 1435 1359 1482 non

281 1531 427 1606 genere
453 1505 518 1578 aut
544 1502 700 1593 divitiis,
734 1499 801 1578 sed
834 1505 973 1576 virtute
1008 1507 1047 1578 et
1075 1508 1260 1604 sapientia
1289 1532 1361 1580 een·

282 1602 438 1693 sendos‚
458 1599 724 1674 adolescentes
736 1596 869 1672 ltaliae
887 1596 1144 1674 nobilissimos
1162 1627 1272 1702 quam
1289 1603 1359 1701 plu·

279 1705 399 1779 simos
411 1696 486 1774 sibi
501 1695 728 1790 conciliavit,
755 1719 852 1796 quos
874 1722 986 1796 quum
1006 1696 1202 1797 disciplina
1216 1707 1253 1774 et
1265 1725 1359 1799 prac-

281 1800 403 1898 ceptis
429 1795 478 1870 ad
503 1820 652 1868 omnem
678 1791 821 1868 civilem
848 1791 1121 1896 humanamque
1136 1799 1306 1870 virtutem
1329 1800 1360 1869 et

280 1898 504 1996 sapientiam
529 1889 791 1983 informasset,
824 1898 959 1964 auctor
987 1895 1035 1966 iis
1066 1889 1137 1966 suit
1167 1897 1225 1968 rei
1249 1891 1359 1993 publi·

280 2019 347 2066 cec
373 1987 643 2091 capessendae,
668 1985 893 2090 plurimique
918 2015 1049 2062 eorum
1067 1987 1170 2064 brevi
1190 1997 1359 2090 tempore,

281 2115 393 2192 quum
419 2090 607 2162 communi
633 2110 765 2160 omnes
789 2089 949 2176 consilio
975 2089 1260 2188 coniunctisque
1291 2092 1359 2187 opi·

277 2184 353 2264 bus
385 2187 566 2285 agerent,
606 2208 759 2256 suarum
789 2185 928 2352 quique
959 2187 1149 2258 civitatum
1180 2189 1359 2284 principes

278 2284 373 2360 sacti
399 2288 499 2356 sunt.
549 2282 598 2353 lli
624 2278 786 2381 aliquem
814 2283 853 2352 iu
885 2306 963 2352 rem
994 2278 1181 2380 publicam
1214 2285 1359 2381 egregie

281 2380 610 2471 administrarant,
643 2375 765 2450 donec
793 2375 981 2474 gliscente
1013 2383 1051 2451 in
1077 2405 1145 2452 eos
1170 2379 1305 2452 invidia
1328 2381 1360 2452 et

282 2477 587 2553 adversariorum
602 2472 808 2550 calumniis
833 2471 945 2573 plebe
970 2477 1127 2549 incitata
1151 2473 1358 2550 foedissime

281 2601 412 2650 omnes
437 2575 503 2647 aut
526 2574 738 2669 interempti
764 2577 854 2644 sunt
878 2579 942 2644 aut
966 2576 1005 2644 in
1031 2573 1159 2672 lugam
1190 2577 1249 2648 ire
1282 2599 1359 2646 coa·

282 2677 333 2747 cti
346 2673 403 2772 ⁴):
435 2672 607 2744 civitates
640 2675 765 2743 autem
796 2667 930 2742 ltaliae
965 2667 1163 2745 discordiis
1195 2698 1241 2744 ac
1271 2669 1358 2745 sedi·

278 2815 466 2832 Μ

349 2894 382 2969 1)
402 2899 505 2953 (licere
515 2895 552 2949 de
563 2900 633 2950 orat.
641 2897 692 2962 111,
702 2895 747 2949 34.
767 2893 803 2948 de
821 2914 854 2949 re
871 2893 951 2968 publ.
970 2896 994 2963 1,
1013 2895 1040 2948 7.
1059 2919 1095 2934 ·-
1113 2896 1157 2949 De
1168 2897 1289 2962 Solone,
1305 2899 1358 2950 Pit-

278 2979 359 3037 taso,
382 2968 543 3024 Periandro
568 2968 734 3022 testimonie
757 2985 915 3036 congerere
937 2985 996 3020 nou
1022 2985 1095 3038 opus
1120 2976 1172 3026 est.
1217 2969 1357 3023 Chilonem

278 3045 401 3116 Spartae
421 3041 559 3114 ephorum
579 3039 669 3094 luisse
687 3039 821 3092 novimus
840 3058 856 3091 e
874 3040 960 3108 Dios.
972 3039 1098 3106 baertl,
1117 3040 1135 3093 3
1153 3059 1180 3111 p·
1200 3043 1236 3096 45
1254 3041 1358 3094 lluebu.

278 3125 308 3169 et
325 3115 443 3168 fuerunt
462 3115 511 3186 qui
532 3109 702 3184 ephoratum
722 3110 757 3162 ab
778 3128 812 3162 eo
832 3112 992 3164 institutum
1012 3113 1209 3182 opinarentur.
1242 3113 1357 3166 Cleobu·

276 3185 324 3241 lus
343 3185 511 3239 Lindiorum
530 3182 680 3250 legislator
699 3188 728 3234 et
745 3189 886 3252 tyrannus
906 3181 969 3235 luit.
996 3183 1073 3235 Plut.
1092 3183 1128 3235 de
1146 3185 1184 3236 nt
1200 3203 1245 3257 ap.
1265 3183 1358 3256 Delpb.

277 3269 349 3312 torn.
369 3258 427 3310 v11
444 3277 471 3329 p.
489 3256 542 3309 814
560 3256 642 3308 llutt
661 3252 756 3308 (ilem.
770 3253 855 3307 Alex.
875 3256 1035 3307 Stromlv
1056 3255 1148 3324 ,⁵23
1165 3257 1199 3308 B.
1229 3257 1298 3309 Bias
1316 3257 1357 3307 de·

277 3333 366 3400 nique
386 3328 462 3399 apud
479 3329 653 3381 Prienenses
671 3325 824 3397 plurimum
845 3327 939 3398 potuit
961 3325 1112 3397 prudentia
1138 3335 1166 3378 et
1190 3326 1357 3400 eloquentia,

276 3403 364 3468 Diog-
383 3401 477 3453 baert.
495 3400 510 3452 1
528 3418 555 3470 p.
576 3398 619 3458 58,
640 3403 669 3449 et
687 3413 802 3450 carmen
823 3415 938 3468 quoqne
964 3399 1159 3468 composuisse
1183 3397 1288 3452 dieitur
1308 3397 1358 3470 usqi

272 3471 381 3534 Ἰωνίας,
399 3474 456 3524 τίνα
473 3471 586 3540 μάλιστα
606 3467 641 3521 ἂν
658 3469 752 3540 τρόπον
767 3469 918 3540 εὐδοκιμοίη.
944 3467 983 3520 ib.
1002 3489 1029 3538 p.
1049 3470 1092 3523 59.
1131 3470 1267 3523 Ceterum
1287 3470 1357 3522 Tha·

276 3544 327 3599 len
346 3560 461 3615 quoque
478 3559 538 3592 non
557 3547 697 3592 remotum
717 3558 734 3590 a
752 3558 784 3591 re
803 3539 918 3608 publica
936 3539 1024 3594 luisse
1043 3540 1170 3593 ostendit
1187 3541 1356 3608 llerodot1,

275 3618 338 3674 17⁰.
374 3615 409 3670 ln
427 3614 554 3668 univers.
573 3610 612 3666 ct.
629 3611 768 3666 Meiners.
788 3609 960 3666 Geschichte
983 3611 1034 3665 der
1053 3611 1237 3686 Wipseuacls.
1257 3617 1288 3668 in
1311 3613 1356 3666 Gr.

274 3707 305 3746 u.
321 3690 363 3744 R.
381 3688 397 3740 1
415 3705 444 3760 p.
462 3686 499 3740 44
516 3701 576 3755 sqq.

346 3789 379 3866 2)
398 3791 476 3847 Plut.
498 3789 689 3844 Solomatis
706 3787 864 3860 Scripsisse
882 3789 967 3842 etiam
986 3787 1091 3842 dicitur
1107 3787 1168 3860 usqi
1181 3789 1223 3858 τῆς
1237 3791 1267 3844 tr
1279 3786 1357 3864 ¹th

273 3869 404 3924 usitatus.
434 3866 521 3931 Diog.
540 3861 665 3914 lauert}
682 3879 710 3931 p.
728 3861 764 3916 82
781 3859 897 3913 lluebn.
926 3860 1002 3913 Add.
1022 3862 1055 3916 0.
1072 3862 1106 3915 P.
1123 3862 1272 3932 Heinrich,
1293 3863 1355 3934 lipi-

275 3940 404 3994 menides
423 3954 475 3989 sus
493 3936 597 3988 Krete.
632 3932 730 4004 Leipz.
749 3931 829 3986 18⁰1.
848 3931 874 3985 8.

344 4039 378 4112 3)
397 4042 443 4098 Cf.
462 4036 668 4094 Wachsmutlr.
686 4039 701 4092 1
718 4057 746 4110 p.
765 4037 819 4093 198
837 4056 880 4111 sq.

343 4149 376 4216 4)
394 4151 441 4202 De
458 4144 626 4217 Pythagora
644 4151 674 4197 et
695 4142 945 4216 Pythagoreorum
973 4143 1218 4198 administratione
1242 4149 1286 4201 rei
1308 4163 1355 4218 pn·

271 4219 366 4274 blicae
392 4220 427 4273 cl.
444 4220 540 4288 Heyn.
560 4235 676 4289 opuscc·
692 4215 784 4272 Acad.
802 4218 832 4270 11
854 4235 881 4288 p.
909 4216 960 4271 186
983 4235 1044 4288 sqq.
1086 4217 1228 4286 Meiners,
1254 4221 1354 4271 Gerr.

148 4272 161 4294 s
272 4293 324 4348 aas
344 4288 526 4346 wamma.
543 4291 574 4343 a
601 4289 652 4342 es.
678 4305 705 4342 u.
726 4289 766 4343 n.
789 4289 850 4359 11».
874 4288 936 4342 eor.
959 4288 1022 4342 aar.
1047 4287 1180 4364 seesqq.
1223 4289 1352 4344 nosue..

271 4367 343 4422 lior.
362 4365 435 4437 up.
454 4359 515 4418 178.
550 4359 704 4415 Welclser.
729 4358 864 4430 Prolegg.
889 4357 926 4412 ad
953 4357 1083 4428 Theogn.
1103 4379 1130 4434 p.
1149 4360 1241 4422 xm
1260 4372 1289 4416 et
1305 4363 1352 4415 ,⁶ss.
