2806 5080
300 363 350 436 98
433 326 518 437 ΙῘῙ.
554 359 614 434 De
638 357 751 432 rebor
767 359 934 459 puhlicis
957 361 1000 434 in
1022 341 1246 476 unebertum.

307 571 391 620 uem
407 540 625 618 moderetur
637 542 691 638 3)ι
718 537 862 613 lerator
875 551 999 618 autem
1013 543 1059 618 ad
1073 541 1245 643 populum
1262 543 1302 618 de
1319 543 1358 619 le·

295 642 422 746 ‹gibus
455 642 595 715 civitati
627 636 761 711 dandis
800 645 865 710 aut
897 639 1153 741 abrogandis,
1191 641 1234 714 de
1269 641 1362 734 bello,

292 767 416 842 pace,
441 733 675 829 foederibus,
701 732 748 807 de
772 738 1061 833 magistratibus
1087 740 1254 813 creandis
1277 741 1320 831 et,
1340 744 1364 811 si

312 837 399 940 qnid
427 834 664 936 deliquerint,
689 831 927 908 removendis
952 840 991 911 et
1016 836 1261 935 castigandis,
1283 834 1364 908 deni·

188 974 195 983 ·
289 962 385 1037 ¹que
411 932 458 1007 de
484 927 701 1006 criminibus
726 928 965 1030 capitalibus,
990 938 1021 1007 si
1048 959 1122 1080 qua
1148 933 1193 1006 ad
1214 957 1366 1006 summan

312 1057 391 1108 rem
415 1027 604 1131 publicam
626 1030 818 1126 pertinere
843 1027 1094 1126 videantur).
1110 1077 1153 1091 -·
1181 1032 1297 1104 Porro
1306 1054 1366 1100 ma·

311 1133 497 1231 gistratus
521 1135 564 1201 ut
588 1129 673 1224 capi
698 1123 747 1199 ab
775 1125 949 1202 omuibus
973 1132 1134 1228 possint,
1160 1126 1368 1228 quiquidem

313 1233 416 1304 cives
447 1227 540 1316 sint,
571 1249 688 1298 ceusu
722 1224 788 1296 aut
816 1222 921 1299 nullo
953 1230 1117 1299 autnon
1145 1251 1277 1324 magno
1300 1248 1368 1294 con·

313 1326 466 1404 stitulo:
492 1327 535 1395 ut
558 1324 674 1395 auuui
699 1323 788 1412 siut,
811 1324 878 1394 aut
902 1325 1014 1396 etiam
1043 1320 1225 1396 brevioris
1249 1328 1370 1418 tempo·

313 1426 368 1498 ris
382 1423 438 1520 ⁵),
463 1445 533 1492 nec
557 1418 670 1492 liceat
686 1416 822 1588 plures
847 1419 955 1494 simul
980 1419 1130 1494 abnuo
1156 1420 1371 1518 magistratus

316 1545 411 1594 uovo
437 1520 590 1615 saepius
616 1542 683 1589 eos
712 1540 769 1588 em
803 1521 908 1616 capi,
938 1521 1012 1592 nisi
1042 1521 1159 1594 certis
1189 1520 1373 1614 temporum

213 1660 217 1668 .
315 1613 523 1691 intervallis
535 1618 589 1712 ⁶):
614 1621 654 1686 ut
679 1617 738 1686 ius
764 1619 1048 1712 magistratuum
1080 1619 1198 1688 certis
1229 1639 1272 1686 ac
1300 1611 1373 1708 legi·

316 1717 414 1788 timis
438 1707 577 1784 linibus
602 1708 794 1783 delinitum
819 1713 936 1808 sit⁷):
961 1721 1004 1787 ut
1026 1717 1128 1813 gesti
1160 1714 1375 1810 magistratus

316 1815 483 1886 rationes
508 1805 723 1881 reddendae
749 1809 837 1882 siut.
863 1853 910 1870 -
948 1813 1041 1884 lteur
1076 1820 1116 1883 ut
1140 1810 1281 1883 iudices
1304 1830 1375 1906 quo·

316 1935 389 2011 que
415 1909 611 2006 capiantur
636 1928 684 1978 cx
710 1903 945 2002 omuibus3),
969 1907 1115 1981 iudiciis
1142 1912 1267 1980 autem
1289 1927 1378 2003 prae·

315 2008 392 2081 siut
416 2005 664 2101 magistratus
688 2005 726 2074 iu
752 2029 823 2076 suo
850 2010 986 2106 quique
1016 2030 1159 2104 genere
1194 2022 1378 2086 causarum,

343 2106 383 2176 ui
406 2104 626 2174 instructam
654 2098 753 2200 apud
779 2125 820 2172 se
845 2101 947 2176 litem
973 2102 1021 2176 ad
1046 2102 1210 2176 indicum
1243 2098 1331 2172 colle
1355 2099 1380 2164 ia

317 2130 511 2290 delerant,
562 2195 733 2271 ordinem
780 2197 909 2274 iudicii
954 2199 1218 2294 moderentur,
1268 2123 1379 2270 sullia-

316 2301 421 2396 gium
447 2292 547 2386 dent,
571 2297 794 2368 senteutiam
820 2321 843 2370 a
867 2296 1053 2372 iudicibus
1088 2298 1202 2369 latam
1263 2315 1381 2366 rouun-

317 2397 423 2486 tieut,
449 2417 621 2561 quaeqqe
647 2417 744 2490 opus
769 2396 819 2466 sit
843 2395 890 2468 ad
918 2421 999 2469 cam
1020 2323 1381 2494 exsequeudllmpro·

317 2492 451 2566 curent
463 2493 512 2584 ⁹).
603 2493 736 2590 cuique
785 2517 873 2565 uum
899 2496 1021 2566 omnis
1046 2491 1277 2566 democratia
1291 2509 1383 2588 quan·

247 2657 252 2664 ,
319 2592 396 2663 tum
412 2585 494 2660 lieri
510 2591 638 2685 potest
655 2515 962 2688 aequdbilitatem
975 2594 1073 2664 inter
1089 2595 1190 2662 cives
1212 2599 1384 2688 sequatur,

321 2685 423 2760 boec·
439 2709 487 2757 ne
512 2683 757 2782 perturbetur
780 2708 987 2785 paucorum
1013 2683 1151 2786 opibus
1178 2711 1295 2785 supra
1322 2703 1384 2753 mo·

320 2779 407 2857 dum
432 2785 571 2874 auctis,
602 2781 735 2856 scdulo
767 2783 971 2858 carendum
1004 2793 1073 2861 est.
1128 2785 1214 2858 lluc
1244 2775 1387 2883 pertinet

322 2878 496 2954 delinitus
521 2883 805 2977 posscssionum
832 2881 975 2974 modus,
1000 2907 1116 2981 supra
1142 2877 1388 2982 quembabere

320 2979 459 3052 nemini
489 2975 679 3073 liccat¹⁰),
713 2984 751 3050 et
782 2982 816 3052 si
849 2983 912 3079 qui
942 2984 1042 3053 cives
1080 3005 1151 3078 pro
1181 2985 1243 3052 ter
1280 2975 1392 3052 nimias

323 3099 417 3172 opes
442 3072 629 3172 aequabili
655 3079 815 3148 omnium
841 3073 1005 3150 libertati
1031 3007 1241 3176 periculum
1272 3071 1389 3146 afferre

323 3169 545 3359 ιίἀιιιιιῐιιῦὂ
560 3169 692 3245 borum
716 3176 755 3245 iu
781 3172 933 3274 aliquod
959 3181 1106 3276 tempus
1132 3202 1155 3248 ιι
1181 3200 1226 3248 rc
1263 3167 1390 3272 publica

324 3270 484 3342 remotio
549 3320 559 3340 .

237 3474 240 3482 ·
393 3472 424 3542 a)
443 3476 562 3528 anna.
582 3477 636 3542 ιι,
657 3476 698 3544 ra,
717 3476 742 3530 s.
761 3479 815 3546 vr,
834 3480 860 3545 s,
880 3479 922 3533 ro.

393 3561 426 3633 ι)
446 3564 489 3616 ιι.
508 3564 562 3631 iv,
582 3564 625 3630 11,
646 3563 669 3616 1.
686 3565 761 3618 ιιι.
778 3569 818 3632 ιι,
836 3569 863 3637 ι,
885 3570 907 3624 ι.

393 3649 668 3723 nummu

395 3756 429 3832 ι)
447 3758 492 3814 ιι.
510 3759 564 3826 vr,
583 3760 608 3828 1,
627 3759 651 3816 a

396 3863 426 3934 ι)
439 3839 541 3943 'reim
555 3862 598 3924 aa
614 3866 703 3940 νόμον.
741 3869 783 3926 ιι.
801 3871 856 3939 rv,
876 3873 901 3935 ι,
918 3872 945 3926 a.
970 3835 973 3846 ’

241 3942 245 3962 ’
396 3968 834 4045 nmmnmume

395 4074 430 4150 9)
450 4077 496 4138 (ii.
514 4099 589 4154 quae
606 4081 683 4136 iutra
701 4083 776 4136 RV
793 4085 843 4138 ab
858 4085 893 4138 de
902 4085 1119 4142 Atheniensium
1139 4085 1258 4141 iudiciis
1278 4084 1392 4138 moestu

401 4181 448 4254 1⁰)
466 4190 555 4246 Arist.
573 4190 613 4258 11,
629 4189 657 4257 4,
676 4190 703 4244 l.
739 4191 794 4260 Vi,
812 4193 839 4260 Ἄ,
856 4194 884 4245 ⁵.
921 4193 967 4247 cf.
987 4203 1016 4248 et
1035 4196 1184 4248 Kortuem.
1205 4213 1237 4264 p.
1260 4194 1305 4248 ll.

398 4289 448 4361 ll)
467 4295 555 4348 Arist.
575 4295 614 4364 V,
633 4298 659 4358 Ἰ,
676 4296 703 4350 4.
724 4297 750 4351 5.
783 4299 835 4368 111,
854 4299 880 4369 8,
899 4303 925 4356 2.
959 4301 1049 4356 beatu
1075 4302 1162 4371 digua
1185 4303 1343 4354 autetiam
1373 4292 1392 4344 ΙΙ

329 4358 421 4420 minu
437 4367 530 4418 oratio
549 4365 586 4420 de
603 4371 770 4424 οιιιιοίιιιιο
789 4372 820 4425 in
843 4391 910 4446 opp.
928 4375 1008 4432 miro.
1034 4371 1231 4443 (Vormieobte
1257 4366 1392 4425 Schriften
