2840 5084
528 367 750 466 Praefatio.
1165 383 1192 431 v

91 565 261 642 Histoire
287 559 335 634 de
359 555 397 630 la
421 557 653 633 civilisation
678 556 819 628 morale
843 563 881 627 et
911 553 1109 652 religieuse
1127 555 1194 634 des

91 669 216 740 Grccs.
236 658 502 749 AGroningue
526 653 803 740 1833-1837,
829 675 912 726 sero
937 668 1070 730 noctus
1096 679 1194 746 sum,

93 762 156 860 qui
169 765 269 836 Part.
289 758 327 830 ll
343 765 468 829 toml
491 752 538 826 de
557 751 651 824 iuris
664 752 829 843 gentium
844 749 945 848 apud
956 756 1115 828 Graecos
1129 754 1195 827 ob-

92 857 308 933 servatione
332 853 484 948 copiose
508 848 669 923 disserit.
722 845 797 921 Sed
825 847 897 922 hoc
928 848 1108 924 damnum
1142 855 1195 925 le-·
1238 865 1241 874 ’

93 957 180 1030 vius
206 964 310 1052 puto,
337 944 641 1049 quandoquidem
667 943 713 1018 dc
745 933 834 1016 iure·
858 946 941 1044 ipso
965 949 1195 1024 Brouwcrus

92 1053 191 1124 nihil
210 1046 414 1120 admodum
439 1045 564 1134 habet,
589 1041 690 1141 quod
710 1063 787 1116 non
812 1055 878 1118 aut
902 1045 951 1118 ab
976 1047 1061 1118 aliis
1087 1043 1196 1120 auta

1 1167 2 1186 ¹
94 1147 343 1244 memetipso
369 1145 584 1242 expositum
609 1141 675 1214 sit:
701 1142 858 1234 neglecti
883 1166 972 1217 vero
998 1155 1035 1216 et
1059 1143 1195 1218 violati

93 1247 190 1318 iuris
216 1243 391 1340 exempla
415 1261 624 1338 proponere
648 1239 746 1310 nihil
772 1262 865 1336 opus
890 1252 982 1314 erat.
1029 1239 1195 1314 Absolvi

94 1355 223 1415 autem
266 1340 355 1412 libri
394 1338 637 1434 scriptionem
676 1335 968 1436 schedarumque
1009 1341 1195 1412 maiorem

96 1452 243 1537 partem
269 1435 498 1532 typographo
525 1433 758 1508 Berolinensi
770 1429 1051 1510 describendam
1075 1447 1195 1510 trans·

97 1537 182 1610 misi
209 1558 340 1607 mense
363 1535 461 1608 Iulio
474 1531 512 1606 h.
527 1551 578 1618 3.,
604 1529 705 1626 quod
717 1532 1083 1606 commemorandum
1099 1529 1196 1604 duxi

1 1633 2 1642 ’
102 1644 310 1730 propterea,
344 1655 393 1704 ne
424 1630 507 1726 quis
538 1641 683 1727 praeter
713 1629 804 1700 baec
837 1652 931 1726 quae
962 1627 1075 1704 modo
1108 1627 1196 1701 dixi

101 1732 210 1802 etiam
243 1730 319 1799 alia
349 1724 530 1800 nonnulla
556 1726 708 1817 cognitu
733 1724 855 1818 digna,
881 1749 975 1824 quae
999 1726 1068 1802 sub
1094 1725 1197 1802 idem

96 1825 193 1898 illud
225 1837 373 1922 tempus
408 1836 473 1896 aut
505 1823 619 1896 etiam
650 1835 734 1918 post
763 1823 866 1896 edita
896 1835 1003 1913 sunt,
1035 1836 1197 1921 praeter-

98 1926 216 1997 missa
248 1944 270 1992 a
300 1945 361 1996 me
394 1943 473 1996 esse
508 1920 736 2010 criminetur.
787 1923 845 1995 De
876 1921 1038 1994 formula
1069 1932 1106 1994 et
1136 1942 1197 1992 ra-

100 2023 216 2107 tione,
243 2043 318 2118 qua
342 2020 385 2091 in
409 2041 533 2092 rerum
558 2018 781 2090 tractatione
805 2040 893 2092 usus
915 2041 1010 2106 sum,
1035 2017 1198 2116 praefari

100 2119 167 2190 boo
193 2139 313 2188 unum
338 2116 444 2188 libet:
470 2125 656 2211 spectasse
680 2138 741 2187 me
765 2116 953 2212 imprimis
979 2111 1131 2215 quidem
1155 2125 1199 2188 ut
1237 2130 1240 2139 “

1 2279 2 2288 ,
100 2214 190 2286 liber
228 2214 365 2286 scholis
406 2212 630 2287 academicis
669 2207 971 2286 accommodatus
1009 2210 1198 2302 evaderet,

1 2303 2 2384 J
101 2309 407 2408 prospiciendum
432 2322 560 2381 tamen
586 2309 700 2380 etiam
716 2311 765 2383 iis
780 2309 982 2384 lectoribus
1000 2311 1198 2399 censuisse,

102 2410 165 2504 qui
201 2408 352 2504 privato
386 2407 512 2480 studio
542 2429 662 2502 neque
694 2408 864 2499 magistri
897 2408 1044 2480 auxilio
1076 2405 1199 2478 adiuti

1 2581 2 2588 χ
103 2505 349 2599 antiquitates
383 2527 599 2598 cognoscere
630 2516 814 2600 cuperent.
872 2503 1004 2600 ltaque
1036 2504 1198 2580 brevita-

1 2597 2 2608 ’
102 2613 176 2674 tem
201 2601 259 2671 ita
283 2600 423 2697 ubique
447 2611 627 2698 sequutus
652 2623 747 2689 sum,
772 2601 917 2674 utnon
934 2600 1098 2676 officeret
1117 2628 1198 2700 per-

101 2697 309 2796 spicuitati:
335 2719 501 2772 summas
525 2709 673 2770 tantum
698 2723 821 2772 rerum
839 2700 1027 2796 proposui,
1053 2697 1199 2776 sedhas

102 2797 203 2891 ipsas
239 2808 421 2890 quantum
453 2796 534 2867 fieri
564 2789 689 2893 potuit
719 2799 832 2894 plane
865 2807 902 2868 et
934 2795 1116 2870 dilucide:
1148 2801 1199 2872 le-

1 2931 2 2934 *
102 2894 210 2966 viora
237 2905 302 2963 aut
327 2893 562 2988 praetermisi
586 2905 652 2965 aut
677 2892 840 2968 breviter
865 2895 991 2987 attigi,
1021 2892 1199 2969 indicatis

102 2989 315 3068 simulant
345 3002 514 3065 veterum
547 2991 767 3087 scriptorum
799 2990 891 3065 locis
923 3007 989 3062 aut
1020 2993 1200 3063 recentio-

101 3109 186 3157 rum
210 3079 331 3174 libris,
358 3085 457 3159 unde
483 3087 627 3184 plenior
650 3089 789 3160 notitia
813 3089 892 3184 peti
908 3097 1044 3185 posset,
1094 3110 1201 3160 uum·

101 3207 175 3279 que
212 3180 260 3253 de
297 3185 487 3256 nonnullis
523 3183 632 3257 rebus
671 3197 770 3256 certa
803 3183 969 3280 satisque
1005 3112 1202 3280 exdiorata

103 3277 205 3349 tradi
239 3302 317 3351 non
348 3293 517 3377 possent,
556 3277 688 3352 barum
726 3279 826 3354 disce
854 3281 996 3353 tatione
1021 3280 1201 3374 abstinui,

2 3395 3 3435 1
103 3377 180 3448 nisi
206 3378 241 3450 si
266 3375 432 3452 breviter
456 3377 606 3450 absolvi
631 3399 743 3474 posse
767 3379 807 3453 vi
837 3388 975 3466 eretur,
1008 3401 1104 3478 quae
1137 3405 1202 3456 au-

106 3485 181 3544 tem
207 3473 414 3565 longiorem
441 3473 734 3572 disputationem
759 3486 962 3573 poscerent,
989 3478 1095 3570 tetigi
1115 3491 1202 3554 tan-

106 3568 315 3658 tummodo,
342 3595 416 3668 quo
441 3573 502 3647 vel
526 3572 569 3643 in
592 3571 729 3646 scholis
760 3574 969 3646 accuratius
1001 3588 1202 3670 pertracta-

106 3679 245 3754 rentur,
281 3670 342 3741 vel
367 3667 556 3742 auditores
582 3681 647 3740 aut
670 3669 826 3744 lectores
852 3671 926 3768 ipsi
952 3668 1002 3741 ad
1025 3694 1203 3767 quaeren-

107 3759 196 3834 dum
236 3764 525 3860 impellerentur.
595 3765 768 3840 Ceterum
813 3765 913 3867 quod
954 3791 1032 3840 non
1070 3771 1202 3847 eodem

108 3861 236 3930 omnia
268 3861 381 3933 modo
415 3874 452 3935 et
485 3862 675 3961 aequabili
706 3886 882 3938 mensura
914 3875 1072 3936 tractata
1103 3871 1203 3960 sunt,

106 3976 182 4027 non
217 3979 302 4028 mea
335 3961 443 4056 culpa
474 3973 539 4032 aut
563 3959 718 4033 arbitrio
743 3962 901 4048 factum,
941 3958 1008 4056 sed
1040 3961 1205 4041 fontium

108 4059 219 4150 atque
248 4054 504 4129 subsidiorum
537 4060 674 4154 impari
699 4058 914 4131 condicioni
938 4057 1205 4155 imputandum

107 4163 172 4222 est.
225 4153 346 4224 Multa
378 4154 497 4245 enim,
530 4176 625 4253 quae
655 4155 862 4228 accuratius
894 4177 1003 4229 nosse
1034 4164 1205 4235 maxime

107 4249 255 4344 cupias,
290 4252 464 4342 cognosci
494 4264 643 4350 propter
675 4265 842 4326 veterum
875 4269 1204 4331 monumentorum

110 4341 298 4417 delectum
325 4358 394 4418 aut
416 4351 644 4444 paucitatem
675 4371 752 4420 non
782 4349 874 4422 satis
899 4365 1068 4448 possunt
1116 4355 1205 4428 Alia

110 4440 229 4534 igitur
253 4444 399 4517 ratione
423 4465 468 4516 ac
491 4444 646 4520 modulo
671 4443 901 4521 metiendum
933 4461 990 4524 est
1014 4453 1205 4550 scriptoris
